{"Branch_ID":1,"Branch_Name":"Wang, Mcdonald and Church Branch","City":"Kellitown","Manager_Name":"Kevin Jones","Total_Employees":141,"Branch_Revenue":16849288.0899999999,"Opening_Date":"2008-08-01","Performance_Rating":2}
{"Branch_ID":2,"Branch_Name":"Crawford-Torres Branch","City":"Angelaburgh","Manager_Name":"Andrea Steele","Total_Employees":39,"Branch_Revenue":5822279.3200000003,"Opening_Date":"2015-09-17","Performance_Rating":1}
{"Branch_ID":3,"Branch_Name":"Bridges Inc Branch","City":"Johnsonfort","Manager_Name":"Michael Coleman","Total_Employees":195,"Branch_Revenue":2114594.0299999998,"Opening_Date":"2012-07-30","Performance_Rating":3}
{"Branch_ID":4,"Branch_Name":"Garcia Group Branch","City":"New Kyleberg","Manager_Name":"Dawn Cooper","Total_Employees":144,"Branch_Revenue":3390389.6299999999,"Opening_Date":"2018-06-27","Performance_Rating":2}
{"Branch_ID":5,"Branch_Name":"Arroyo, Moore and Freeman Branch","City":"West Coryborough","Manager_Name":"Samantha Kennedy","Total_Employees":42,"Branch_Revenue":2771910.1099999999,"Opening_Date":"2012-01-04","Performance_Rating":5}
{"Branch_ID":6,"Branch_Name":"Matthews Group Branch","City":"West William","Manager_Name":"Michael Dunlap","Total_Employees":63,"Branch_Revenue":15611845.7100000009,"Opening_Date":"2020-04-06","Performance_Rating":1}
{"Branch_ID":7,"Branch_Name":"Taylor, David and Brown Branch","City":"Chavezborough","Manager_Name":"Derrick Simpson","Total_Employees":37,"Branch_Revenue":12512654.5399999991,"Opening_Date":"2019-08-28","Performance_Rating":3}
{"Branch_ID":8,"Branch_Name":"Cruz, Jones and Sweeney Branch","City":"Johnland","Manager_Name":"Jennifer Mendoza","Total_Employees":94,"Branch_Revenue":15216111.6999999993,"Opening_Date":"2006-06-10","Performance_Rating":3}
{"Branch_ID":9,"Branch_Name":"Solomon Ltd Branch","City":"Lake Kyleborough","Manager_Name":"Kerry Braun","Total_Employees":156,"Branch_Revenue":15818777.9399999995,"Opening_Date":"2019-04-10","Performance_Rating":5}
{"Branch_ID":10,"Branch_Name":"Williams, Johnson and Williams Branch","City":"Lake Gabrielaside","Manager_Name":"Heather Garcia","Total_Employees":36,"Branch_Revenue":19061548.5700000003,"Opening_Date":"2025-05-17","Performance_Rating":1}
{"Branch_ID":11,"Branch_Name":"Evans Group Branch","City":"Port Aaron","Manager_Name":"Kristen Norman","Total_Employees":133,"Branch_Revenue":7615867.6600000001,"Opening_Date":"2019-08-04","Performance_Rating":3}
{"Branch_ID":12,"Branch_Name":"Lopez, Tucker and Collins Branch","City":"Terryside","Manager_Name":"Timothy Jenkins","Total_Employees":197,"Branch_Revenue":17921040.7300000004,"Opening_Date":"2020-04-23","Performance_Rating":2}
{"Branch_ID":13,"Branch_Name":"Hodges LLC Branch","City":"Port Rebeccaview","Manager_Name":"Michael Knapp","Total_Employees":49,"Branch_Revenue":7567850.8099999996,"Opening_Date":"2022-04-16","Performance_Rating":1}
{"Branch_ID":14,"Branch_Name":"Johnson-Simmons Branch","City":"Ashleyside","Manager_Name":"Leslie Taylor","Total_Employees":129,"Branch_Revenue":14343447.0899999999,"Opening_Date":"2020-07-03","Performance_Rating":5}
{"Branch_ID":15,"Branch_Name":"Allen, Church and Cook Branch","City":"Petersonstad","Manager_Name":"Todd Miller","Total_Employees":21,"Branch_Revenue":7472573.4900000002,"Opening_Date":"2024-05-22","Performance_Rating":3}
{"Branch_ID":16,"Branch_Name":"Dean-Carroll Branch","City":"Millerstad","Manager_Name":"Rebecca Hughes","Total_Employees":162,"Branch_Revenue":17214299.8200000003,"Opening_Date":"2016-06-16","Performance_Rating":1}
{"Branch_ID":17,"Branch_Name":"Wolf-Harmon Branch","City":"Christinamouth","Manager_Name":"Eric Medina","Total_Employees":177,"Branch_Revenue":9384808.6699999999,"Opening_Date":"2025-04-20","Performance_Rating":2}
{"Branch_ID":18,"Branch_Name":"Reyes, Campbell and Walton Branch","City":"West Taylor","Manager_Name":"Samantha Stephenson","Total_Employees":58,"Branch_Revenue":10621527.3300000001,"Opening_Date":"2011-08-31","Performance_Rating":4}
{"Branch_ID":19,"Branch_Name":"Murphy-Johnston Branch","City":"Nataliemouth","Manager_Name":"Sydney Padilla","Total_Employees":62,"Branch_Revenue":10193141.5899999999,"Opening_Date":"2025-08-18","Performance_Rating":4}
{"Branch_ID":20,"Branch_Name":"Ramirez-Kennedy Branch","City":"South Laura","Manager_Name":"Ashley Rodriguez","Total_Employees":127,"Branch_Revenue":4152182.6200000001,"Opening_Date":"2024-04-04","Performance_Rating":5}
{"Branch_ID":21,"Branch_Name":"Roberts-Silva Branch","City":"West Kevinland","Manager_Name":"Danny Valentine","Total_Employees":160,"Branch_Revenue":8272826.6699999999,"Opening_Date":"2011-06-06","Performance_Rating":2}
{"Branch_ID":22,"Branch_Name":"Jordan, Stokes and Mayer Branch","City":"Micheleton","Manager_Name":"Richard Wheeler","Total_Employees":112,"Branch_Revenue":10268924.5600000005,"Opening_Date":"2022-10-19","Performance_Rating":5}
{"Branch_ID":23,"Branch_Name":"Walker-Murray Branch","City":"Lake Amandatown","Manager_Name":"Logan Wells","Total_Employees":123,"Branch_Revenue":15803373.2100000009,"Opening_Date":"2018-11-19","Performance_Rating":2}
{"Branch_ID":24,"Branch_Name":"Green-Keith Branch","City":"Singhchester","Manager_Name":"Allen Lee","Total_Employees":23,"Branch_Revenue":13930726.9700000007,"Opening_Date":"2018-04-01","Performance_Rating":1}
{"Branch_ID":25,"Branch_Name":"Hobbs Inc Branch","City":"East Elizabethchester","Manager_Name":"Aaron Baker","Total_Employees":141,"Branch_Revenue":11189310.6400000006,"Opening_Date":"2022-07-21","Performance_Rating":4}
{"Branch_ID":26,"Branch_Name":"Gonzalez-Martin Branch","City":"Port Kellystad","Manager_Name":"Gary Proctor","Total_Employees":180,"Branch_Revenue":7087319.6900000004,"Opening_Date":"2025-05-17","Performance_Rating":1}
{"Branch_ID":27,"Branch_Name":"Wood-Bell Branch","City":"South Christina","Manager_Name":"Dominique Davis","Total_Employees":52,"Branch_Revenue":12761860.25,"Opening_Date":"2007-01-17","Performance_Rating":1}
{"Branch_ID":28,"Branch_Name":"Obrien, Wilson and Morgan Branch","City":"Berryberg","Manager_Name":"Anthony Vaughn","Total_Employees":20,"Branch_Revenue":2017618.95,"Opening_Date":"2006-09-01","Performance_Rating":5}
{"Branch_ID":29,"Branch_Name":"Carter, Armstrong and Bailey Branch","City":"Meganborough","Manager_Name":"Matthew Mitchell","Total_Employees":139,"Branch_Revenue":7694206.7400000002,"Opening_Date":"2015-12-22","Performance_Rating":2}
{"Branch_ID":30,"Branch_Name":"Mitchell-Simmons Branch","City":"West Taylor","Manager_Name":"Emily Tyler","Total_Employees":22,"Branch_Revenue":7984101.9100000001,"Opening_Date":"2013-08-13","Performance_Rating":1}
{"Branch_ID":31,"Branch_Name":"Huff, Bryant and Thomas Branch","City":"Albertchester","Manager_Name":"Danielle Roth","Total_Employees":174,"Branch_Revenue":10466556.8900000006,"Opening_Date":"2013-11-26","Performance_Rating":4}
{"Branch_ID":32,"Branch_Name":"Holmes, Nguyen and French Branch","City":"Dianemouth","Manager_Name":"Joe Campbell","Total_Employees":149,"Branch_Revenue":18750606.2600000016,"Opening_Date":"2014-04-22","Performance_Rating":4}
{"Branch_ID":33,"Branch_Name":"Solis, Ibarra and Gamble Branch","City":"Port Diane","Manager_Name":"Mary Mcdonald","Total_Employees":35,"Branch_Revenue":5143025.3300000001,"Opening_Date":"2025-03-24","Performance_Rating":5}
{"Branch_ID":34,"Branch_Name":"Lynch Ltd Branch","City":"Nicoleside","Manager_Name":"Brandon James","Total_Employees":97,"Branch_Revenue":15039437.4199999999,"Opening_Date":"2007-06-02","Performance_Rating":4}
{"Branch_ID":35,"Branch_Name":"Taylor, Hopkins and Morales Branch","City":"Taylorbury","Manager_Name":"Amy Goodwin","Total_Employees":140,"Branch_Revenue":15421115.0500000007,"Opening_Date":"2018-11-16","Performance_Rating":3}
{"Branch_ID":36,"Branch_Name":"Baker, Phillips and Cameron Branch","City":"Pearsonhaven","Manager_Name":"Bethany Rivera","Total_Employees":121,"Branch_Revenue":3080365.8300000001,"Opening_Date":"2024-12-06","Performance_Rating":1}
{"Branch_ID":37,"Branch_Name":"Pratt, Perkins and Garcia Branch","City":"Bryanmouth","Manager_Name":"Patricia Reese","Total_Employees":123,"Branch_Revenue":17902273.870000001,"Opening_Date":"2006-12-31","Performance_Rating":3}
{"Branch_ID":38,"Branch_Name":"Parker PLC Branch","City":"Davidmouth","Manager_Name":"Gary Smith","Total_Employees":32,"Branch_Revenue":15014389.2899999991,"Opening_Date":"2023-06-14","Performance_Rating":1}
{"Branch_ID":39,"Branch_Name":"Thomas LLC Branch","City":"Fergusonview","Manager_Name":"John Davidson","Total_Employees":110,"Branch_Revenue":11225501.0399999991,"Opening_Date":"2020-11-03","Performance_Rating":4}
{"Branch_ID":40,"Branch_Name":"Flores and Sons Branch","City":"West Williamview","Manager_Name":"Amanda Young","Total_Employees":135,"Branch_Revenue":18817982.4299999997,"Opening_Date":"2022-10-02","Performance_Rating":1}
{"Branch_ID":41,"Branch_Name":"Olsen and Sons Branch","City":"North Dalefort","Manager_Name":"Tamara Scott","Total_Employees":76,"Branch_Revenue":16110972.7300000004,"Opening_Date":"2012-08-01","Performance_Rating":2}
{"Branch_ID":42,"Branch_Name":"Garcia Group Branch","City":"Terryside","Manager_Name":"Anthony Dunlap","Total_Employees":80,"Branch_Revenue":6637640.4299999997,"Opening_Date":"2015-10-29","Performance_Rating":5}
{"Branch_ID":43,"Branch_Name":"Chung-Black Branch","City":"Micheleton","Manager_Name":"Thomas Davis","Total_Employees":156,"Branch_Revenue":5724217.1799999997,"Opening_Date":"2018-04-08","Performance_Rating":5}
{"Branch_ID":44,"Branch_Name":"Cunningham, Lee and Fleming Branch","City":"Yanghaven","Manager_Name":"Sandra Johnson","Total_Employees":114,"Branch_Revenue":2458819.2999999998,"Opening_Date":"2009-08-09","Performance_Rating":5}
{"Branch_ID":45,"Branch_Name":"Morales Group Branch","City":"Bryanmouth","Manager_Name":"Karen Rodriguez","Total_Employees":70,"Branch_Revenue":8737922.3599999994,"Opening_Date":"2011-04-17","Performance_Rating":3}
{"Branch_ID":46,"Branch_Name":"Burke-Moreno Branch","City":"West Jacquelinemouth","Manager_Name":"Ricky White","Total_Employees":19,"Branch_Revenue":6776088.6600000001,"Opening_Date":"2009-12-02","Performance_Rating":1}
{"Branch_ID":47,"Branch_Name":"Brown, Ramirez and Greer Branch","City":"Lake Wesley","Manager_Name":"Rachel Gardner","Total_Employees":143,"Branch_Revenue":7153124.21,"Opening_Date":"2009-12-11","Performance_Rating":3}
{"Branch_ID":48,"Branch_Name":"Pena-Walker Branch","City":"North Daniellestad","Manager_Name":"Victoria Warren","Total_Employees":22,"Branch_Revenue":12361720.5899999999,"Opening_Date":"2022-03-09","Performance_Rating":2}
{"Branch_ID":49,"Branch_Name":"Collins, Sanchez and Parks Branch","City":"Thomasborough","Manager_Name":"Brandy Vasquez","Total_Employees":190,"Branch_Revenue":3357742.1299999999,"Opening_Date":"2019-09-01","Performance_Rating":1}
{"Branch_ID":50,"Branch_Name":"Simmons-Gardner Branch","City":"Randytown","Manager_Name":"Louis Conway","Total_Employees":87,"Branch_Revenue":15081416.5700000003,"Opening_Date":"2023-06-05","Performance_Rating":2}
{"Branch_ID":51,"Branch_Name":"Anderson-Barnes Branch","City":"New Kimberlyshire","Manager_Name":"Martin Mcdaniel","Total_Employees":96,"Branch_Revenue":8714384.5999999996,"Opening_Date":"2009-07-25","Performance_Rating":5}
{"Branch_ID":52,"Branch_Name":"Taylor PLC Branch","City":"Hernandezshire","Manager_Name":"Jamie Nichols","Total_Employees":138,"Branch_Revenue":13340106.0600000005,"Opening_Date":"2023-01-14","Performance_Rating":5}
{"Branch_ID":53,"Branch_Name":"Vargas, Vang and Murphy Branch","City":"West Danielport","Manager_Name":"Amy Rodriguez","Total_Employees":153,"Branch_Revenue":18389576.7100000009,"Opening_Date":"2007-08-04","Performance_Rating":2}
{"Branch_ID":54,"Branch_Name":"Richardson-Morales Branch","City":"Margaretburgh","Manager_Name":"Steven Jefferson","Total_Employees":174,"Branch_Revenue":10769690.1899999995,"Opening_Date":"2006-02-24","Performance_Rating":4}
{"Branch_ID":55,"Branch_Name":"Black Inc Branch","City":"Port Kennethmouth","Manager_Name":"Erika Moore","Total_Employees":169,"Branch_Revenue":19113206.5100000016,"Opening_Date":"2014-11-20","Performance_Rating":1}
{"Branch_ID":56,"Branch_Name":"Barton PLC Branch","City":"Sanchezshire","Manager_Name":"Nicholas Robbins","Total_Employees":115,"Branch_Revenue":7120225.8099999996,"Opening_Date":"2023-01-13","Performance_Rating":5}
{"Branch_ID":57,"Branch_Name":"Daniels-Arellano Branch","City":"Christinamouth","Manager_Name":"Jared Kaiser","Total_Employees":59,"Branch_Revenue":13819296.4700000007,"Opening_Date":"2015-11-10","Performance_Rating":5}
{"Branch_ID":58,"Branch_Name":"Bennett and Sons Branch","City":"Justinborough","Manager_Name":"Jason Flowers","Total_Employees":147,"Branch_Revenue":16646311.3300000001,"Opening_Date":"2010-07-30","Performance_Rating":1}
{"Branch_ID":59,"Branch_Name":"Franklin and Sons Branch","City":"Bridgetmouth","Manager_Name":"Michael Calhoun","Total_Employees":146,"Branch_Revenue":8139409.0700000003,"Opening_Date":"2017-03-23","Performance_Rating":5}
{"Branch_ID":60,"Branch_Name":"Hahn Group Branch","City":"Victoriahaven","Manager_Name":"Matthew Jones","Total_Employees":66,"Branch_Revenue":4452502.6299999999,"Opening_Date":"2019-01-03","Performance_Rating":3}
{"Branch_ID":61,"Branch_Name":"Thomas-Calhoun Branch","City":"Clarkburgh","Manager_Name":"Jerome Blackwell","Total_Employees":130,"Branch_Revenue":7165616.7000000002,"Opening_Date":"2010-03-31","Performance_Rating":2}
{"Branch_ID":62,"Branch_Name":"Andrews-Marquez Branch","City":"Garrettburgh","Manager_Name":"Mr. Brian Smith","Total_Employees":73,"Branch_Revenue":5831468.7400000002,"Opening_Date":"2019-08-30","Performance_Rating":2}
{"Branch_ID":63,"Branch_Name":"Ramirez, Ray and Harvey Branch","City":"Juliabury","Manager_Name":"Victor Baker","Total_Employees":66,"Branch_Revenue":6382516.6100000003,"Opening_Date":"2023-09-05","Performance_Rating":3}
{"Branch_ID":64,"Branch_Name":"Patel-Villegas Branch","City":"Christopherport","Manager_Name":"Clayton Floyd","Total_Employees":127,"Branch_Revenue":15287901.6999999993,"Opening_Date":"2023-05-31","Performance_Rating":3}
{"Branch_ID":65,"Branch_Name":"Moore-Scott Branch","City":"New Mary","Manager_Name":"John Ellis","Total_Employees":137,"Branch_Revenue":11474524.0700000003,"Opening_Date":"2007-03-06","Performance_Rating":2}
{"Branch_ID":66,"Branch_Name":"Stewart-Jones Branch","City":"Johnland","Manager_Name":"Scott Cook","Total_Employees":73,"Branch_Revenue":16005990.9199999999,"Opening_Date":"2020-01-04","Performance_Rating":1}
{"Branch_ID":67,"Branch_Name":"Rodriguez, Cabrera and Alvarez Branch","City":"Christopherstad","Manager_Name":"Gerald Estes","Total_Employees":152,"Branch_Revenue":8492350.2100000009,"Opening_Date":"2007-01-15","Performance_Rating":4}
{"Branch_ID":68,"Branch_Name":"Rose-Macias Branch","City":"West Tommouth","Manager_Name":"Anna Herrera","Total_Employees":119,"Branch_Revenue":1807518.3799999999,"Opening_Date":"2020-10-02","Performance_Rating":3}
{"Branch_ID":69,"Branch_Name":"Horne, Gomez and Zavala Branch","City":"New Craigport","Manager_Name":"Cesar Collins","Total_Employees":67,"Branch_Revenue":19618956.1799999997,"Opening_Date":"2014-05-22","Performance_Rating":5}
{"Branch_ID":70,"Branch_Name":"Lewis-Travis Branch","City":"Amandabury","Manager_Name":"Diane Warren","Total_Employees":96,"Branch_Revenue":16082018.5800000001,"Opening_Date":"2020-07-02","Performance_Rating":3}
{"Branch_ID":71,"Branch_Name":"Fleming-Washington Branch","City":"Reedville","Manager_Name":"Theresa Day","Total_Employees":81,"Branch_Revenue":18667478.0500000007,"Opening_Date":"2012-06-04","Performance_Rating":3}
{"Branch_ID":72,"Branch_Name":"Smith PLC Branch","City":"Kimberlychester","Manager_Name":"William Lopez","Total_Employees":93,"Branch_Revenue":1300820.96,"Opening_Date":"2020-05-29","Performance_Rating":1}
{"Branch_ID":73,"Branch_Name":"Molina-Potts Branch","City":"Andersonburgh","Manager_Name":"Amanda Mora","Total_Employees":65,"Branch_Revenue":16942507.25,"Opening_Date":"2007-06-03","Performance_Rating":2}
{"Branch_ID":74,"Branch_Name":"Duncan Group Branch","City":"Rodriguezberg","Manager_Name":"Michael Hernandez","Total_Employees":33,"Branch_Revenue":11315149.2899999991,"Opening_Date":"2016-01-05","Performance_Rating":5}
{"Branch_ID":75,"Branch_Name":"Hopkins-Johnston Branch","City":"Margaretburgh","Manager_Name":"Rachel Boyd","Total_Employees":44,"Branch_Revenue":17015423.5199999996,"Opening_Date":"2016-01-06","Performance_Rating":2}
{"Branch_ID":76,"Branch_Name":"Lopez Ltd Branch","City":"East Jamesview","Manager_Name":"Paul Valencia","Total_Employees":141,"Branch_Revenue":17040735.4499999993,"Opening_Date":"2019-02-15","Performance_Rating":2}
{"Branch_ID":77,"Branch_Name":"Fitzgerald, Day and Goodwin Branch","City":"Lake Michael","Manager_Name":"Jared Coleman","Total_Employees":176,"Branch_Revenue":12444269.4800000004,"Opening_Date":"2007-07-16","Performance_Rating":1}
{"Branch_ID":78,"Branch_Name":"Hernandez, Stewart and Lee Branch","City":"Thomasshire","Manager_Name":"Natalie Tyler","Total_Employees":194,"Branch_Revenue":10699933.6500000004,"Opening_Date":"2014-04-22","Performance_Rating":4}
{"Branch_ID":79,"Branch_Name":"Gutierrez-Nolan Branch","City":"Bobbyhaven","Manager_Name":"Margaret Coleman","Total_Employees":194,"Branch_Revenue":2354317.4399999999,"Opening_Date":"2011-06-28","Performance_Rating":1}
{"Branch_ID":80,"Branch_Name":"Fisher Ltd Branch","City":"Lake Danaville","Manager_Name":"Samantha Cruz","Total_Employees":171,"Branch_Revenue":19373884.6600000001,"Opening_Date":"2006-01-06","Performance_Rating":1}
{"Branch_ID":81,"Branch_Name":"Nguyen, Skinner and Le Branch","City":"Lake Charles","Manager_Name":"Bradley Petty","Total_Employees":84,"Branch_Revenue":10396523.3499999996,"Opening_Date":"2011-03-08","Performance_Rating":4}
{"Branch_ID":82,"Branch_Name":"Morris PLC Branch","City":"New Richard","Manager_Name":"David Collins","Total_Employees":49,"Branch_Revenue":14003183.5199999996,"Opening_Date":"2021-07-09","Performance_Rating":1}
{"Branch_ID":83,"Branch_Name":"Weaver-Brown Branch","City":"West Sean","Manager_Name":"Douglas Phillips","Total_Employees":155,"Branch_Revenue":10923598.0500000007,"Opening_Date":"2005-12-13","Performance_Rating":3}
{"Branch_ID":84,"Branch_Name":"Johnson Group Branch","City":"Nicholsonstad","Manager_Name":"Joanna Frazier","Total_Employees":135,"Branch_Revenue":12485391.1899999995,"Opening_Date":"2013-05-28","Performance_Rating":1}
{"Branch_ID":85,"Branch_Name":"Williams, Green and Dunlap Branch","City":"Berryberg","Manager_Name":"Paula Bass","Total_Employees":156,"Branch_Revenue":19411628.5100000016,"Opening_Date":"2025-01-11","Performance_Rating":4}
{"Branch_ID":86,"Branch_Name":"Powell-Schwartz Branch","City":"Smithside","Manager_Name":"Deborah Barrett","Total_Employees":82,"Branch_Revenue":12337522.7400000002,"Opening_Date":"2024-04-10","Performance_Rating":5}
{"Branch_ID":87,"Branch_Name":"Young PLC Branch","City":"Huffberg","Manager_Name":"Corey Li","Total_Employees":194,"Branch_Revenue":1559208.54,"Opening_Date":"2015-10-16","Performance_Rating":1}
{"Branch_ID":88,"Branch_Name":"Zimmerman PLC Branch","City":"Walkerfurt","Manager_Name":"Martin Jones","Total_Employees":119,"Branch_Revenue":14624873.0600000005,"Opening_Date":"2007-08-18","Performance_Rating":2}
{"Branch_ID":89,"Branch_Name":"Johnson and Sons Branch","City":"Justinborough","Manager_Name":"Samantha Gonzalez","Total_Employees":47,"Branch_Revenue":11698084.3100000005,"Opening_Date":"2006-12-20","Performance_Rating":2}
{"Branch_ID":90,"Branch_Name":"Herrera, Rollins and Hill Branch","City":"Williamsburgh","Manager_Name":"Christina Rodriguez","Total_Employees":94,"Branch_Revenue":18344009.9499999993,"Opening_Date":"2025-04-15","Performance_Rating":1}
{"Branch_ID":91,"Branch_Name":"Meyers, Todd and Evans Branch","City":"Victoriahaven","Manager_Name":"Monique Ramsey","Total_Employees":167,"Branch_Revenue":15340525.5399999991,"Opening_Date":"2009-08-14","Performance_Rating":3}
{"Branch_ID":92,"Branch_Name":"Edwards, Dixon and Lopez Branch","City":"Richardview","Manager_Name":"Natalie Murray","Total_Employees":54,"Branch_Revenue":12476456.0,"Opening_Date":"2023-12-16","Performance_Rating":3}
{"Branch_ID":93,"Branch_Name":"Evans-Clark Branch","City":"Amandabury","Manager_Name":"Mrs. Briana Steele","Total_Employees":54,"Branch_Revenue":13320697.2400000002,"Opening_Date":"2021-08-07","Performance_Rating":2}
{"Branch_ID":94,"Branch_Name":"Andrade, Gomez and Bishop Branch","City":"Taylorbury","Manager_Name":"Emily Randall","Total_Employees":78,"Branch_Revenue":11319075.8800000008,"Opening_Date":"2024-01-19","Performance_Rating":5}
{"Branch_ID":95,"Branch_Name":"Pena-Anderson Branch","City":"Anneville","Manager_Name":"Denise Mills","Total_Employees":122,"Branch_Revenue":15194617.8000000007,"Opening_Date":"2025-09-08","Performance_Rating":2}
{"Branch_ID":96,"Branch_Name":"Mason Group Branch","City":"New Noah","Manager_Name":"Brenda Jenkins","Total_Employees":66,"Branch_Revenue":10066077.6899999995,"Opening_Date":"2018-03-02","Performance_Rating":2}
{"Branch_ID":97,"Branch_Name":"Potts, Gutierrez and Hancock Branch","City":"Bellport","Manager_Name":"Rebecca Villarreal","Total_Employees":19,"Branch_Revenue":11707308.1699999999,"Opening_Date":"2009-10-20","Performance_Rating":4}
{"Branch_ID":98,"Branch_Name":"Lozano-Wilson Branch","City":"Perkinsburgh","Manager_Name":"Cindy Combs","Total_Employees":138,"Branch_Revenue":11198293.6600000001,"Opening_Date":"2019-09-21","Performance_Rating":4}
{"Branch_ID":99,"Branch_Name":"Mann and Sons Branch","City":"Williamschester","Manager_Name":"John Price","Total_Employees":172,"Branch_Revenue":18364405.129999999,"Opening_Date":"2015-02-26","Performance_Rating":3}
{"Branch_ID":100,"Branch_Name":"Reyes-Kelley Branch","City":"North Manuel","Manager_Name":"Hayley Wallace","Total_Employees":56,"Branch_Revenue":9250857.1999999993,"Opening_Date":"2008-07-03","Performance_Rating":2}
{"Branch_ID":101,"Branch_Name":"King, Cain and Brown Branch","City":"Port Kennethmouth","Manager_Name":"Ashley Hess DDS","Total_Employees":197,"Branch_Revenue":11394400.2899999991,"Opening_Date":"2017-12-30","Performance_Rating":1}
{"Branch_ID":102,"Branch_Name":"Garcia-Robinson Branch","City":"North Wayne","Manager_Name":"Richard David","Total_Employees":147,"Branch_Revenue":707244.1,"Opening_Date":"2010-07-23","Performance_Rating":1}
{"Branch_ID":103,"Branch_Name":"Warner-Shelton Branch","City":"South Lisa","Manager_Name":"Robert Green","Total_Employees":81,"Branch_Revenue":13412305.1799999997,"Opening_Date":"2019-11-02","Performance_Rating":2}
{"Branch_ID":104,"Branch_Name":"Richard-Lowe Branch","City":"Port Linda","Manager_Name":"Bonnie Torres","Total_Employees":31,"Branch_Revenue":18038539.3099999987,"Opening_Date":"2014-07-07","Performance_Rating":2}
{"Branch_ID":105,"Branch_Name":"Perez Ltd Branch","City":"North Nancymouth","Manager_Name":"Heather Hernandez","Total_Employees":133,"Branch_Revenue":11756930.6699999999,"Opening_Date":"2023-11-12","Performance_Rating":3}
{"Branch_ID":106,"Branch_Name":"Smith, Arellano and Conrad Branch","City":"Roberthaven","Manager_Name":"Brooke Brown","Total_Employees":155,"Branch_Revenue":17051832.1700000018,"Opening_Date":"2020-06-20","Performance_Rating":4}
{"Branch_ID":107,"Branch_Name":"Mcclain Inc Branch","City":"Davidmouth","Manager_Name":"Timothy Stephenson","Total_Employees":84,"Branch_Revenue":1136412.8600000001,"Opening_Date":"2011-03-23","Performance_Rating":5}
{"Branch_ID":108,"Branch_Name":"Wheeler-Yates Branch","City":"Robinsonchester","Manager_Name":"Matthew Turner","Total_Employees":59,"Branch_Revenue":15639167.6799999997,"Opening_Date":"2006-02-17","Performance_Rating":5}
{"Branch_ID":109,"Branch_Name":"Sanchez, Cooper and Suarez Branch","City":"Michellefort","Manager_Name":"Timothy Benjamin","Total_Employees":120,"Branch_Revenue":2348300.6200000001,"Opening_Date":"2018-06-25","Performance_Rating":2}
{"Branch_ID":110,"Branch_Name":"Ramirez, Jackson and Flores Branch","City":"Darrenmouth","Manager_Name":"Peggy Richards","Total_Employees":196,"Branch_Revenue":2998306.6200000001,"Opening_Date":"2006-05-25","Performance_Rating":4}
{"Branch_ID":111,"Branch_Name":"Hebert Group Branch","City":"Martinezmouth","Manager_Name":"Michael Palmer","Total_Employees":143,"Branch_Revenue":7348436.4900000002,"Opening_Date":"2020-01-01","Performance_Rating":3}
{"Branch_ID":112,"Branch_Name":"Wright PLC Branch","City":"Justinborough","Manager_Name":"Mallory Lopez","Total_Employees":115,"Branch_Revenue":12520893.3000000007,"Opening_Date":"2013-01-09","Performance_Rating":3}
{"Branch_ID":113,"Branch_Name":"Torres-Green Branch","City":"North Paul","Manager_Name":"Michael Anderson","Total_Employees":149,"Branch_Revenue":10675363.6300000008,"Opening_Date":"2023-02-08","Performance_Rating":2}
{"Branch_ID":114,"Branch_Name":"Perez and Sons Branch","City":"Russellhaven","Manager_Name":"Robert Brock","Total_Employees":196,"Branch_Revenue":7584402.0499999998,"Opening_Date":"2022-02-26","Performance_Rating":5}
{"Branch_ID":115,"Branch_Name":"Chambers-Marquez Branch","City":"North Manuel","Manager_Name":"Katrina Harrell","Total_Employees":98,"Branch_Revenue":19409985.4600000009,"Opening_Date":"2022-07-29","Performance_Rating":5}
{"Branch_ID":116,"Branch_Name":"Garcia-Watkins Branch","City":"South Sarah","Manager_Name":"Bryan King","Total_Employees":165,"Branch_Revenue":9168342.9399999995,"Opening_Date":"2017-10-27","Performance_Rating":4}
{"Branch_ID":117,"Branch_Name":"Suarez, Rhodes and Bolton Branch","City":"New Christina","Manager_Name":"Alejandra Goodman","Total_Employees":179,"Branch_Revenue":7683439.1100000003,"Opening_Date":"2022-04-08","Performance_Rating":4}
{"Branch_ID":118,"Branch_Name":"Schroeder, Lane and Arnold Branch","City":"Sanchezmouth","Manager_Name":"Jacob Marshall","Total_Employees":142,"Branch_Revenue":2472177.4300000002,"Opening_Date":"2005-12-28","Performance_Rating":1}
{"Branch_ID":119,"Branch_Name":"Petersen-Alvarado Branch","City":"West Jessicatown","Manager_Name":"Terri Sexton","Total_Employees":88,"Branch_Revenue":13788697.8000000007,"Opening_Date":"2007-11-28","Performance_Rating":1}
{"Branch_ID":120,"Branch_Name":"Coleman-Riggs Branch","City":"East Gregory","Manager_Name":"Michael Reed","Total_Employees":170,"Branch_Revenue":6719468.7000000002,"Opening_Date":"2021-10-26","Performance_Rating":4}
{"Branch_ID":121,"Branch_Name":"Welch-Powers Branch","City":"East Lisabury","Manager_Name":"Matthew Yang","Total_Employees":72,"Branch_Revenue":9238860.8900000006,"Opening_Date":"2016-09-22","Performance_Rating":1}
{"Branch_ID":122,"Branch_Name":"Burgess-Mcdonald Branch","City":"Pagefort","Manager_Name":"Timothy Brooks","Total_Employees":96,"Branch_Revenue":9176637.5399999991,"Opening_Date":"2020-03-16","Performance_Rating":5}
{"Branch_ID":123,"Branch_Name":"Ross, Hayes and Erickson Branch","City":"West Kennethburgh","Manager_Name":"Nina Smith","Total_Employees":46,"Branch_Revenue":13184245.1500000004,"Opening_Date":"2023-10-05","Performance_Rating":1}
{"Branch_ID":124,"Branch_Name":"Martin and Sons Branch","City":"New Leslie","Manager_Name":"Michelle Howe","Total_Employees":100,"Branch_Revenue":825236.6899999999,"Opening_Date":"2024-08-26","Performance_Rating":3}
{"Branch_ID":125,"Branch_Name":"Sanchez, Brennan and Ortega Branch","City":"Chenstad","Manager_Name":"John Parker","Total_Employees":73,"Branch_Revenue":16845869.8099999987,"Opening_Date":"2015-06-23","Performance_Rating":4}
{"Branch_ID":126,"Branch_Name":"Becker-Boone Branch","City":"Jimmyton","Manager_Name":"Joshua Knight","Total_Employees":32,"Branch_Revenue":11320061.7300000004,"Opening_Date":"2020-02-17","Performance_Rating":5}
{"Branch_ID":127,"Branch_Name":"Black-Schmidt Branch","City":"South Randyshire","Manager_Name":"Rachel Forbes","Total_Employees":166,"Branch_Revenue":14752980.7300000004,"Opening_Date":"2022-08-13","Performance_Rating":3}
{"Branch_ID":128,"Branch_Name":"Stafford, Oneal and Williams Branch","City":"Wintershaven","Manager_Name":"Cody Bell","Total_Employees":197,"Branch_Revenue":19603812.1499999985,"Opening_Date":"2022-08-14","Performance_Rating":4}
{"Branch_ID":129,"Branch_Name":"Garcia, Bradford and Thomas Branch","City":"Lake Richardmouth","Manager_Name":"Ashley Cardenas","Total_Employees":54,"Branch_Revenue":1317784.2,"Opening_Date":"2016-08-08","Performance_Rating":3}
{"Branch_ID":130,"Branch_Name":"Harris, Robles and Rogers Branch","City":"New Mary","Manager_Name":"Christian Richards","Total_Employees":89,"Branch_Revenue":17232094.7699999996,"Opening_Date":"2012-05-11","Performance_Rating":5}
{"Branch_ID":131,"Branch_Name":"Morris Ltd Branch","City":"Port Phillip","Manager_Name":"Thomas Gibbs","Total_Employees":193,"Branch_Revenue":17103304.9600000009,"Opening_Date":"2009-04-03","Performance_Rating":2}
{"Branch_ID":132,"Branch_Name":"Robinson-Sweeney Branch","City":"Banksside","Manager_Name":"Michael Barnett","Total_Employees":64,"Branch_Revenue":16357485.5800000001,"Opening_Date":"2020-08-31","Performance_Rating":5}
{"Branch_ID":133,"Branch_Name":"Chen-Ramos Branch","City":"Kimberlyburgh","Manager_Name":"Julie Harris","Total_Employees":192,"Branch_Revenue":14968012.5999999996,"Opening_Date":"2014-05-03","Performance_Rating":3}
{"Branch_ID":134,"Branch_Name":"Jones-Baker Branch","City":"South Johnside","Manager_Name":"Scott Lopez","Total_Employees":177,"Branch_Revenue":10301596.5899999999,"Opening_Date":"2006-10-19","Performance_Rating":1}
{"Branch_ID":135,"Branch_Name":"Mcbride, Leonard and Brown Branch","City":"Lake Joseborough","Manager_Name":"Erin Spencer","Total_Employees":130,"Branch_Revenue":583587.13,"Opening_Date":"2019-05-30","Performance_Rating":2}
{"Branch_ID":136,"Branch_Name":"Flores, French and Freeman Branch","City":"Elizabethstad","Manager_Name":"Maxwell Kaiser","Total_Employees":127,"Branch_Revenue":6801133.8899999997,"Opening_Date":"2007-01-13","Performance_Rating":5}
{"Branch_ID":137,"Branch_Name":"Flores Ltd Branch","City":"Allisonville","Manager_Name":"Bryan Kelley","Total_Employees":63,"Branch_Revenue":5468701.71,"Opening_Date":"2015-07-23","Performance_Rating":5}
{"Branch_ID":138,"Branch_Name":"Johnson Ltd Branch","City":"Shirleyland","Manager_Name":"Tracy Mitchell","Total_Employees":199,"Branch_Revenue":12274770.3300000001,"Opening_Date":"2021-02-16","Performance_Rating":4}
{"Branch_ID":139,"Branch_Name":"Wolf-Rollins Branch","City":"Lake Danaville","Manager_Name":"Victor Fuentes","Total_Employees":74,"Branch_Revenue":7214489.8899999997,"Opening_Date":"2023-03-18","Performance_Rating":1}
{"Branch_ID":140,"Branch_Name":"Lam, Jones and Ortega Branch","City":"Lake Michellechester","Manager_Name":"Tammy Brown","Total_Employees":142,"Branch_Revenue":16937183.3900000006,"Opening_Date":"2021-05-31","Performance_Rating":2}
{"Branch_ID":141,"Branch_Name":"Pearson-Roberts Branch","City":"North Kevinfurt","Manager_Name":"Katie White","Total_Employees":96,"Branch_Revenue":15679019.0,"Opening_Date":"2007-11-28","Performance_Rating":3}
{"Branch_ID":142,"Branch_Name":"Chavez and Sons Branch","City":"West Adrianburgh","Manager_Name":"Joshua Beck","Total_Employees":17,"Branch_Revenue":2718737.5099999998,"Opening_Date":"2023-11-22","Performance_Rating":5}
{"Branch_ID":143,"Branch_Name":"Chen Ltd Branch","City":"East Adrienne","Manager_Name":"Nicole Clark","Total_Employees":32,"Branch_Revenue":7467585.7400000002,"Opening_Date":"2008-08-25","Performance_Rating":2}
{"Branch_ID":144,"Branch_Name":"Choi, Hebert and Bush Branch","City":"Lake Joseborough","Manager_Name":"Jessica Adams","Total_Employees":81,"Branch_Revenue":18325619.7600000016,"Opening_Date":"2008-07-09","Performance_Rating":4}
{"Branch_ID":145,"Branch_Name":"Gutierrez, Richards and Pace Branch","City":"Brandonstad","Manager_Name":"Devin Wilson","Total_Employees":111,"Branch_Revenue":17673170.5300000012,"Opening_Date":"2009-11-15","Performance_Rating":4}
{"Branch_ID":146,"Branch_Name":"Garza-Norris Branch","City":"West John","Manager_Name":"Gary Nelson","Total_Employees":130,"Branch_Revenue":8657312.2100000009,"Opening_Date":"2017-06-09","Performance_Rating":3}
{"Branch_ID":147,"Branch_Name":"Keller PLC Branch","City":"Edwardsville","Manager_Name":"Michelle Hill","Total_Employees":108,"Branch_Revenue":17341020.7600000016,"Opening_Date":"2024-08-26","Performance_Rating":2}
{"Branch_ID":148,"Branch_Name":"Lucero LLC Branch","City":"North Wayne","Manager_Name":"Laura Anderson","Total_Employees":85,"Branch_Revenue":4250683.1299999999,"Opening_Date":"2015-01-20","Performance_Rating":3}
{"Branch_ID":149,"Branch_Name":"Smith-Barajas Branch","City":"Dorisshire","Manager_Name":"Todd Boyer","Total_Employees":34,"Branch_Revenue":1995853.3899999999,"Opening_Date":"2024-01-10","Performance_Rating":3}
{"Branch_ID":150,"Branch_Name":"Padilla-Cunningham Branch","City":"Pattonfort","Manager_Name":"Jennifer Novak","Total_Employees":132,"Branch_Revenue":2121786.6800000002,"Opening_Date":"2017-05-19","Performance_Rating":1}
{"Branch_ID":151,"Branch_Name":"Navarro-Moore Branch","City":"Kaisermouth","Manager_Name":"Jose Hoover","Total_Employees":109,"Branch_Revenue":18224320.6900000013,"Opening_Date":"2022-01-08","Performance_Rating":5}
{"Branch_ID":152,"Branch_Name":"Stout, Baker and Bowman Branch","City":"Markchester","Manager_Name":"Michael King","Total_Employees":74,"Branch_Revenue":3412546.5600000001,"Opening_Date":"2014-01-04","Performance_Rating":2}
{"Branch_ID":153,"Branch_Name":"Martinez-Bell Branch","City":"Zacharyport","Manager_Name":"John Allen","Total_Employees":51,"Branch_Revenue":14150754.0999999996,"Opening_Date":"2010-09-17","Performance_Rating":3}
{"Branch_ID":154,"Branch_Name":"Gillespie, Powers and Smith Branch","City":"Port Steven","Manager_Name":"Kyle Holmes","Total_Employees":25,"Branch_Revenue":19291870.1900000013,"Opening_Date":"2015-11-28","Performance_Rating":5}
{"Branch_ID":155,"Branch_Name":"Russell-Richard Branch","City":"Priceside","Manager_Name":"Stacy Black","Total_Employees":133,"Branch_Revenue":12423803.1300000008,"Opening_Date":"2010-09-18","Performance_Rating":1}
{"Branch_ID":156,"Branch_Name":"Finley, Wolf and Carter Branch","City":"Shirleyland","Manager_Name":"Rodney Palmer","Total_Employees":115,"Branch_Revenue":2541824.7400000002,"Opening_Date":"2010-08-10","Performance_Rating":1}
{"Branch_ID":157,"Branch_Name":"Black Group Branch","City":"Port Larrytown","Manager_Name":"Carmen Patel","Total_Employees":66,"Branch_Revenue":18167398.6700000018,"Opening_Date":"2016-12-20","Performance_Rating":5}
{"Branch_ID":158,"Branch_Name":"Berry-Cabrera Branch","City":"South Louismouth","Manager_Name":"Tiffany Bell","Total_Employees":143,"Branch_Revenue":19176006.6999999993,"Opening_Date":"2021-06-09","Performance_Rating":4}
{"Branch_ID":159,"Branch_Name":"Medina, Reeves and Booker Branch","City":"South William","Manager_Name":"Ethan Miller","Total_Employees":90,"Branch_Revenue":11486108.4299999997,"Opening_Date":"2007-06-21","Performance_Rating":3}
{"Branch_ID":160,"Branch_Name":"Duke-Keller Branch","City":"West Tommouth","Manager_Name":"Zoe Graham","Total_Employees":173,"Branch_Revenue":6793618.8700000001,"Opening_Date":"2010-02-04","Performance_Rating":4}
{"Branch_ID":161,"Branch_Name":"Taylor, Phillips and Hughes Branch","City":"Douglasstad","Manager_Name":"Jonathan Yang","Total_Employees":89,"Branch_Revenue":9711502.7400000002,"Opening_Date":"2009-07-29","Performance_Rating":4}
{"Branch_ID":162,"Branch_Name":"Mclaughlin-Gomez Branch","City":"Gregoryborough","Manager_Name":"Kimberly Johnson","Total_Employees":15,"Branch_Revenue":3242537.8700000001,"Opening_Date":"2025-05-28","Performance_Rating":3}
{"Branch_ID":163,"Branch_Name":"Woods, Patterson and Owens Branch","City":"Ballardburgh","Manager_Name":"Chad Rivas","Total_Employees":37,"Branch_Revenue":15869115.5099999998,"Opening_Date":"2015-10-10","Performance_Rating":1}
{"Branch_ID":164,"Branch_Name":"Lyons-Hart Branch","City":"Darrenmouth","Manager_Name":"Jamie Carpenter","Total_Employees":100,"Branch_Revenue":9561909.0500000007,"Opening_Date":"2013-12-13","Performance_Rating":1}
{"Branch_ID":165,"Branch_Name":"Sanchez PLC Branch","City":"Micheleton","Manager_Name":"Michael Silva","Total_Employees":102,"Branch_Revenue":18686656.1600000001,"Opening_Date":"2012-10-02","Performance_Rating":1}
{"Branch_ID":166,"Branch_Name":"Johnson Group Branch","City":"Kaylaton","Manager_Name":"Mathew Kelly","Total_Employees":186,"Branch_Revenue":19853597.6700000018,"Opening_Date":"2015-05-18","Performance_Rating":3}
{"Branch_ID":167,"Branch_Name":"Garrett-Rubio Branch","City":"West Michelleville","Manager_Name":"Frank Hernandez","Total_Employees":178,"Branch_Revenue":13719500.0399999991,"Opening_Date":"2020-07-06","Performance_Rating":5}
{"Branch_ID":168,"Branch_Name":"Townsend-Black Branch","City":"Amandabury","Manager_Name":"Jenna Wells","Total_Employees":156,"Branch_Revenue":8665288.4299999997,"Opening_Date":"2020-04-30","Performance_Rating":4}
{"Branch_ID":169,"Branch_Name":"Choi PLC Branch","City":"Smithmouth","Manager_Name":"Eric Goodwin","Total_Employees":87,"Branch_Revenue":6421729.6500000004,"Opening_Date":"2014-01-10","Performance_Rating":3}
{"Branch_ID":170,"Branch_Name":"Mathews, Rodriguez and Lambert Branch","City":"West Jessicamouth","Manager_Name":"Tara Stewart","Total_Employees":17,"Branch_Revenue":514865.67,"Opening_Date":"2020-05-31","Performance_Rating":1}
{"Branch_ID":171,"Branch_Name":"Huynh-Jones Branch","City":"West Timothychester","Manager_Name":"William Adams","Total_Employees":59,"Branch_Revenue":10376282.1500000004,"Opening_Date":"2021-02-04","Performance_Rating":1}
{"Branch_ID":172,"Branch_Name":"Lee-Reyes Branch","City":"Vanessaland","Manager_Name":"Justin Coffey","Total_Employees":80,"Branch_Revenue":9629952.0999999996,"Opening_Date":"2024-01-20","Performance_Rating":2}
{"Branch_ID":173,"Branch_Name":"Vang-Reid Branch","City":"Millermouth","Manager_Name":"Jamie Hensley","Total_Employees":192,"Branch_Revenue":12019676.6699999999,"Opening_Date":"2006-07-28","Performance_Rating":1}
{"Branch_ID":174,"Branch_Name":"Mack, Mcmillan and Campbell Branch","City":"West Julie","Manager_Name":"Joann Thomas","Total_Employees":60,"Branch_Revenue":7755945.96,"Opening_Date":"2021-03-09","Performance_Rating":2}
{"Branch_ID":175,"Branch_Name":"Gordon LLC Branch","City":"Littleburgh","Manager_Name":"Erik Montoya","Total_Employees":196,"Branch_Revenue":19260155.6099999994,"Opening_Date":"2008-05-29","Performance_Rating":4}
{"Branch_ID":176,"Branch_Name":"Clark-Lewis Branch","City":"West Kathrynberg","Manager_Name":"Alex Griffith","Total_Employees":22,"Branch_Revenue":14767566.4100000001,"Opening_Date":"2021-07-13","Performance_Rating":3}
{"Branch_ID":177,"Branch_Name":"Clark-Williams Branch","City":"Kennethberg","Manager_Name":"Richard Davidson","Total_Employees":70,"Branch_Revenue":19905572.3099999987,"Opening_Date":"2023-06-08","Performance_Rating":1}
{"Branch_ID":178,"Branch_Name":"Ramirez-Brown Branch","City":"New Tammy","Manager_Name":"Christopher Allen","Total_Employees":18,"Branch_Revenue":1176637.8200000001,"Opening_Date":"2018-10-07","Performance_Rating":5}
{"Branch_ID":179,"Branch_Name":"Simpson-Boyle Branch","City":"Dustinstad","Manager_Name":"Shari Johnson","Total_Employees":101,"Branch_Revenue":15169274.5399999991,"Opening_Date":"2017-07-29","Performance_Rating":4}
{"Branch_ID":180,"Branch_Name":"Sullivan, Bradford and Becker Branch","City":"Colemanside","Manager_Name":"Donald Johnson","Total_Employees":196,"Branch_Revenue":4440183.9299999997,"Opening_Date":"2018-06-22","Performance_Rating":4}
{"Branch_ID":181,"Branch_Name":"Wilkinson, Norris and Johnson Branch","City":"Danaburgh","Manager_Name":"Sharon Lewis","Total_Employees":91,"Branch_Revenue":1359406.1899999999,"Opening_Date":"2025-07-04","Performance_Rating":2}
{"Branch_ID":182,"Branch_Name":"Welch and Sons Branch","City":"Lake Tonya","Manager_Name":"William White","Total_Employees":49,"Branch_Revenue":2302022.9300000002,"Opening_Date":"2008-05-08","Performance_Rating":4}
{"Branch_ID":183,"Branch_Name":"Morris-Prince Branch","City":"West Michelleville","Manager_Name":"Jonathan Rivas","Total_Employees":140,"Branch_Revenue":5771825.7800000003,"Opening_Date":"2024-12-02","Performance_Rating":4}
{"Branch_ID":184,"Branch_Name":"Stone-Miller Branch","City":"Smithside","Manager_Name":"Dana Odonnell","Total_Employees":101,"Branch_Revenue":15954940.6799999997,"Opening_Date":"2023-09-12","Performance_Rating":2}
{"Branch_ID":185,"Branch_Name":"Harris Ltd Branch","City":"Jacobmouth","Manager_Name":"Corey Wheeler","Total_Employees":98,"Branch_Revenue":5005499.9900000002,"Opening_Date":"2007-10-04","Performance_Rating":4}
{"Branch_ID":186,"Branch_Name":"Cunningham Inc Branch","City":"Kingville","Manager_Name":"Christopher Baker","Total_Employees":141,"Branch_Revenue":11520518.9700000007,"Opening_Date":"2006-07-12","Performance_Rating":5}
{"Branch_ID":187,"Branch_Name":"Morgan Inc Branch","City":"Mendozaview","Manager_Name":"Mrs. Jessica Holmes MD","Total_Employees":118,"Branch_Revenue":11954001.2599999998,"Opening_Date":"2006-01-26","Performance_Rating":4}
{"Branch_ID":188,"Branch_Name":"Morgan, Walker and Brown Branch","City":"Taylorbury","Manager_Name":"Cody Johnson","Total_Employees":98,"Branch_Revenue":11676541.7899999991,"Opening_Date":"2015-01-21","Performance_Rating":4}
{"Branch_ID":189,"Branch_Name":"Glenn, Villa and Perry Branch","City":"East Rachaelstad","Manager_Name":"Robert Church","Total_Employees":102,"Branch_Revenue":1755532.76,"Opening_Date":"2012-05-31","Performance_Rating":3}
{"Branch_ID":190,"Branch_Name":"Sutton-Huang Branch","City":"Harpermouth","Manager_Name":"Karina Baker","Total_Employees":178,"Branch_Revenue":16628597.5899999999,"Opening_Date":"2025-07-20","Performance_Rating":1}
{"Branch_ID":191,"Branch_Name":"Mcgee and Sons Branch","City":"Onealview","Manager_Name":"Mark Mathews DDS","Total_Employees":34,"Branch_Revenue":4366616.4100000001,"Opening_Date":"2024-10-03","Performance_Rating":1}
{"Branch_ID":192,"Branch_Name":"Thompson PLC Branch","City":"East Monica","Manager_Name":"Bryan Long","Total_Employees":197,"Branch_Revenue":18692473.3200000003,"Opening_Date":"2006-09-15","Performance_Rating":5}
{"Branch_ID":193,"Branch_Name":"Garcia-Kane Branch","City":"North Nicholasview","Manager_Name":"Thomas Bray","Total_Employees":34,"Branch_Revenue":19010797.1600000001,"Opening_Date":"2018-04-11","Performance_Rating":3}
{"Branch_ID":194,"Branch_Name":"Smith and Sons Branch","City":"Dianemouth","Manager_Name":"Timothy Lucas","Total_Employees":27,"Branch_Revenue":12438092.5800000001,"Opening_Date":"2025-10-23","Performance_Rating":4}
{"Branch_ID":195,"Branch_Name":"Davis-Hancock Branch","City":"South Robert","Manager_Name":"Michael Johnson","Total_Employees":15,"Branch_Revenue":8273644.6399999997,"Opening_Date":"2016-03-16","Performance_Rating":1}
{"Branch_ID":196,"Branch_Name":"Peterson-Graves Branch","City":"North Lisaland","Manager_Name":"Thomas Zamora","Total_Employees":186,"Branch_Revenue":6376049.5899999999,"Opening_Date":"2017-10-25","Performance_Rating":1}
{"Branch_ID":197,"Branch_Name":"Jackson, Sanders and Webb Branch","City":"Randytown","Manager_Name":"Matthew Harrison","Total_Employees":185,"Branch_Revenue":3539433.6000000001,"Opening_Date":"2014-12-15","Performance_Rating":3}
{"Branch_ID":198,"Branch_Name":"Marquez, Reese and Dawson Branch","City":"Randytown","Manager_Name":"Jesse Sanchez","Total_Employees":123,"Branch_Revenue":3604239.6200000001,"Opening_Date":"2021-09-24","Performance_Rating":5}
{"Branch_ID":199,"Branch_Name":"Liu, Medina and Garza Branch","City":"Ashleyport","Manager_Name":"Ian Turner","Total_Employees":45,"Branch_Revenue":19587031.9800000004,"Opening_Date":"2021-09-25","Performance_Rating":3}
{"Branch_ID":200,"Branch_Name":"Smith, Jenkins and Hampton Branch","City":"Jacobmouth","Manager_Name":"Jonathan Robinson","Total_Employees":90,"Branch_Revenue":17516847.1600000001,"Opening_Date":"2024-01-12","Performance_Rating":3}
{"Branch_ID":201,"Branch_Name":"Oneal-White Branch","City":"Deanstad","Manager_Name":"Courtney Garcia","Total_Employees":153,"Branch_Revenue":18673032.1499999985,"Opening_Date":"2020-04-15","Performance_Rating":1}
{"Branch_ID":202,"Branch_Name":"Lewis LLC Branch","City":"East Paigebury","Manager_Name":"Andrea Jones","Total_Employees":166,"Branch_Revenue":18467609.75,"Opening_Date":"2021-11-27","Performance_Rating":4}
{"Branch_ID":203,"Branch_Name":"Williams, Mcfarland and Alvarez Branch","City":"Sanchezmouth","Manager_Name":"Bradley Miller","Total_Employees":98,"Branch_Revenue":14877927.1099999994,"Opening_Date":"2017-01-19","Performance_Rating":4}
{"Branch_ID":204,"Branch_Name":"Perez Group Branch","City":"New Richardbury","Manager_Name":"Devin Washington","Total_Employees":156,"Branch_Revenue":7311801.3600000003,"Opening_Date":"2020-11-30","Performance_Rating":1}
{"Branch_ID":205,"Branch_Name":"Peters, Mercer and Floyd Branch","City":"Roberthaven","Manager_Name":"Sheila Rogers","Total_Employees":112,"Branch_Revenue":3927828.3300000001,"Opening_Date":"2021-08-26","Performance_Rating":1}
{"Branch_ID":206,"Branch_Name":"Martin-Stewart Branch","City":"North Christinaton","Manager_Name":"Bryan Lewis","Total_Employees":145,"Branch_Revenue":1703820.1399999999,"Opening_Date":"2023-10-06","Performance_Rating":3}
{"Branch_ID":207,"Branch_Name":"Hughes, Bryan and Edwards Branch","City":"Thomasshire","Manager_Name":"Sarah Singleton","Total_Employees":181,"Branch_Revenue":1835161.0700000001,"Opening_Date":"2022-11-18","Performance_Rating":4}
{"Branch_ID":208,"Branch_Name":"Li, Camacho and Cline Branch","City":"West Danielport","Manager_Name":"Robert Mann","Total_Employees":44,"Branch_Revenue":5459604.6500000004,"Opening_Date":"2009-09-09","Performance_Rating":2}
{"Branch_ID":209,"Branch_Name":"Mckinney-Ramirez Branch","City":"South Sydney","Manager_Name":"William Graham","Total_Employees":182,"Branch_Revenue":5804338.04,"Opening_Date":"2018-10-24","Performance_Rating":2}
{"Branch_ID":210,"Branch_Name":"Campos-Wilson Branch","City":"Staceyburgh","Manager_Name":"Jasmine Harris","Total_Employees":137,"Branch_Revenue":924326.65,"Opening_Date":"2015-10-02","Performance_Rating":5}
{"Branch_ID":211,"Branch_Name":"Bell PLC Branch","City":"New Lindatown","Manager_Name":"Jeffrey Morales","Total_Employees":75,"Branch_Revenue":16298149.5600000005,"Opening_Date":"2020-11-26","Performance_Rating":1}
{"Branch_ID":212,"Branch_Name":"Clark, Kaiser and Ray Branch","City":"Hunterfurt","Manager_Name":"Howard Ford","Total_Employees":135,"Branch_Revenue":18139040.870000001,"Opening_Date":"2025-07-17","Performance_Rating":1}
{"Branch_ID":213,"Branch_Name":"Francis, Page and Morales Branch","City":"Johnstad","Manager_Name":"Tanya Carter","Total_Employees":186,"Branch_Revenue":2043224.1200000001,"Opening_Date":"2006-02-07","Performance_Rating":1}
{"Branch_ID":214,"Branch_Name":"Adkins Inc Branch","City":"Priceside","Manager_Name":"Kathy Morgan","Total_Employees":161,"Branch_Revenue":6656127.8399999999,"Opening_Date":"2009-10-15","Performance_Rating":2}
{"Branch_ID":215,"Branch_Name":"Mendez-White Branch","City":"Edwardsville","Manager_Name":"Brittney Mcdonald","Total_Employees":168,"Branch_Revenue":15663568.6699999999,"Opening_Date":"2013-05-21","Performance_Rating":3}
{"Branch_ID":216,"Branch_Name":"Ryan, Williams and Bowen Branch","City":"Tinahaven","Manager_Name":"Michael Harvey","Total_Employees":98,"Branch_Revenue":12772368.0199999996,"Opening_Date":"2022-12-13","Performance_Rating":2}
{"Branch_ID":217,"Branch_Name":"Powers, Thomas and Webb Branch","City":"North Teresa","Manager_Name":"Cindy Brewer","Total_Employees":142,"Branch_Revenue":1802778.9299999999,"Opening_Date":"2016-07-09","Performance_Rating":2}
{"Branch_ID":218,"Branch_Name":"Lee, Escobar and Torres Branch","City":"Lake Danaville","Manager_Name":"Tracey Ross","Total_Employees":114,"Branch_Revenue":2338140.7599999998,"Opening_Date":"2018-02-12","Performance_Rating":3}
{"Branch_ID":219,"Branch_Name":"Wright Ltd Branch","City":"Matthewtown","Manager_Name":"Phillip Harrell MD","Total_Employees":79,"Branch_Revenue":8393935.3399999999,"Opening_Date":"2015-05-30","Performance_Rating":4}
{"Branch_ID":220,"Branch_Name":"Santiago and Sons Branch","City":"Bryanthaven","Manager_Name":"Kim Hampton","Total_Employees":24,"Branch_Revenue":16847585.9400000013,"Opening_Date":"2010-10-20","Performance_Rating":3}
{"Branch_ID":221,"Branch_Name":"Gibson LLC Branch","City":"Jaredland","Manager_Name":"Donald Davis","Total_Employees":136,"Branch_Revenue":15456626.5800000001,"Opening_Date":"2015-08-14","Performance_Rating":5}
{"Branch_ID":222,"Branch_Name":"Brooks, Jackson and Hicks Branch","City":"Davisborough","Manager_Name":"Deborah Frye","Total_Employees":195,"Branch_Revenue":5193728.4299999997,"Opening_Date":"2018-03-14","Performance_Rating":4}
{"Branch_ID":223,"Branch_Name":"Rogers-Quinn Branch","City":"Port Joseph","Manager_Name":"Dr. Michael Green","Total_Employees":42,"Branch_Revenue":15282294.3499999996,"Opening_Date":"2007-09-04","Performance_Rating":1}
{"Branch_ID":224,"Branch_Name":"Henderson Inc Branch","City":"Hunterfurt","Manager_Name":"Debra Montgomery","Total_Employees":74,"Branch_Revenue":17329086.1799999997,"Opening_Date":"2013-02-10","Performance_Rating":1}
{"Branch_ID":225,"Branch_Name":"Shepard, Gonzales and Cooper Branch","City":"Mendozaview","Manager_Name":"Lisa Burton","Total_Employees":81,"Branch_Revenue":17687086.3900000006,"Opening_Date":"2025-06-24","Performance_Rating":4}
{"Branch_ID":226,"Branch_Name":"Grant, Walters and Jordan Branch","City":"Kaylaton","Manager_Name":"Joshua Hernandez","Total_Employees":33,"Branch_Revenue":12324237.6600000001,"Opening_Date":"2024-09-30","Performance_Rating":1}
{"Branch_ID":227,"Branch_Name":"Miller, Baker and Owen Branch","City":"Berryberg","Manager_Name":"Kevin Thomas","Total_Employees":135,"Branch_Revenue":15868516.4299999997,"Opening_Date":"2013-01-05","Performance_Rating":2}
{"Branch_ID":228,"Branch_Name":"Elliott-Dennis Branch","City":"Teresaborough","Manager_Name":"Anthony Davenport","Total_Employees":86,"Branch_Revenue":10555129.4000000004,"Opening_Date":"2012-11-04","Performance_Rating":2}
{"Branch_ID":229,"Branch_Name":"Compton, Patterson and Sanchez Branch","City":"Lake Gabrielaside","Manager_Name":"Bruce Jackson","Total_Employees":148,"Branch_Revenue":3441015.23,"Opening_Date":"2005-12-31","Performance_Rating":2}
{"Branch_ID":230,"Branch_Name":"Powell, Palmer and Martin Branch","City":"Blakefort","Manager_Name":"Jack Lee","Total_Employees":162,"Branch_Revenue":16781260.8599999994,"Opening_Date":"2023-09-19","Performance_Rating":5}
{"Branch_ID":231,"Branch_Name":"Patterson LLC Branch","City":"Littleburgh","Manager_Name":"Adam Krueger","Total_Employees":71,"Branch_Revenue":10903263.75,"Opening_Date":"2016-11-22","Performance_Rating":1}
{"Branch_ID":232,"Branch_Name":"Brown-Roberts Branch","City":"Port Heather","Manager_Name":"Sean Charles","Total_Employees":129,"Branch_Revenue":6708417.4000000004,"Opening_Date":"2016-07-28","Performance_Rating":2}
{"Branch_ID":233,"Branch_Name":"Mcbride and Sons Branch","City":"New Craigport","Manager_Name":"Amy Marshall","Total_Employees":151,"Branch_Revenue":4400564.0800000001,"Opening_Date":"2021-05-09","Performance_Rating":2}
{"Branch_ID":234,"Branch_Name":"Miles, Patterson and Murray Branch","City":"Alexanderstad","Manager_Name":"Sean Harper","Total_Employees":15,"Branch_Revenue":10205980.4000000004,"Opening_Date":"2025-09-23","Performance_Rating":2}
{"Branch_ID":235,"Branch_Name":"Thompson-Holmes Branch","City":"Kristiville","Manager_Name":"Andrew Proctor","Total_Employees":120,"Branch_Revenue":10281094.3200000003,"Opening_Date":"2019-06-19","Performance_Rating":3}
{"Branch_ID":236,"Branch_Name":"Phillips, Hamilton and Campos Branch","City":"West Adrianburgh","Manager_Name":"Leslie Martinez","Total_Employees":198,"Branch_Revenue":14335789.9199999999,"Opening_Date":"2020-12-10","Performance_Rating":2}
{"Branch_ID":237,"Branch_Name":"Barnes PLC Branch","City":"Moyerburgh","Manager_Name":"Theresa Campbell","Total_Employees":186,"Branch_Revenue":1822448.3,"Opening_Date":"2006-10-10","Performance_Rating":4}
{"Branch_ID":238,"Branch_Name":"Camacho, Brown and Terry Branch","City":"Port Jennifermouth","Manager_Name":"Shelby Schmidt","Total_Employees":170,"Branch_Revenue":10202196.8599999994,"Opening_Date":"2020-04-24","Performance_Rating":4}
{"Branch_ID":239,"Branch_Name":"Baldwin and Sons Branch","City":"Darlenefurt","Manager_Name":"Claudia Espinoza","Total_Employees":134,"Branch_Revenue":17855929.2699999996,"Opening_Date":"2017-08-24","Performance_Rating":5}
{"Branch_ID":240,"Branch_Name":"Velez LLC Branch","City":"West William","Manager_Name":"Erika Bruce","Total_Employees":136,"Branch_Revenue":10042266.4299999997,"Opening_Date":"2010-05-26","Performance_Rating":1}
{"Branch_ID":241,"Branch_Name":"Flores PLC Branch","City":"Port Williamstad","Manager_Name":"Lisa Mclaughlin","Total_Employees":68,"Branch_Revenue":10560330.6899999995,"Opening_Date":"2017-10-09","Performance_Rating":3}
{"Branch_ID":242,"Branch_Name":"Smith Inc Branch","City":"Murraytown","Manager_Name":"Denise Arroyo","Total_Employees":89,"Branch_Revenue":14551648.3300000001,"Opening_Date":"2009-05-29","Performance_Rating":2}
{"Branch_ID":243,"Branch_Name":"Murray LLC Branch","City":"Pattonfort","Manager_Name":"Neil Mcguire","Total_Employees":165,"Branch_Revenue":17717782.5399999991,"Opening_Date":"2015-04-04","Performance_Rating":2}
{"Branch_ID":244,"Branch_Name":"Richardson and Sons Branch","City":"Rachelborough","Manager_Name":"Brian Doyle","Total_Employees":140,"Branch_Revenue":18156665.5199999996,"Opening_Date":"2013-07-12","Performance_Rating":1}
{"Branch_ID":245,"Branch_Name":"Bell, Parker and Owen Branch","City":"New Kyle","Manager_Name":"Jonathan Sawyer","Total_Employees":150,"Branch_Revenue":9897780.0600000005,"Opening_Date":"2018-04-17","Performance_Rating":3}
{"Branch_ID":246,"Branch_Name":"Weaver-Clarke Branch","City":"New Jennifertown","Manager_Name":"Catherine Williams","Total_Employees":137,"Branch_Revenue":13489326.7100000009,"Opening_Date":"2024-04-04","Performance_Rating":1}
{"Branch_ID":247,"Branch_Name":"Evans Ltd Branch","City":"West Gregory","Manager_Name":"David Adams","Total_Employees":63,"Branch_Revenue":9400764.7599999998,"Opening_Date":"2007-02-23","Performance_Rating":5}
{"Branch_ID":248,"Branch_Name":"Solomon, Williams and White Branch","City":"Debraport","Manager_Name":"Marc Dunn","Total_Employees":72,"Branch_Revenue":7874241.79,"Opening_Date":"2016-09-03","Performance_Rating":4}
{"Branch_ID":249,"Branch_Name":"Davis PLC Branch","City":"Stephanieville","Manager_Name":"Curtis Castillo","Total_Employees":164,"Branch_Revenue":2990461.6000000001,"Opening_Date":"2011-05-07","Performance_Rating":2}
{"Branch_ID":250,"Branch_Name":"Woodward LLC Branch","City":"Tracyberg","Manager_Name":"Mark Smith","Total_Employees":107,"Branch_Revenue":16470988.1999999993,"Opening_Date":"2017-03-30","Performance_Rating":5}
{"Branch_ID":251,"Branch_Name":"Owen-Miller Branch","City":"West William","Manager_Name":"Stephanie Mejia","Total_Employees":123,"Branch_Revenue":14704538.9100000001,"Opening_Date":"2011-09-17","Performance_Rating":3}
{"Branch_ID":252,"Branch_Name":"Walters-Lee Branch","City":"Chavezborough","Manager_Name":"Jared Rivera","Total_Employees":62,"Branch_Revenue":15316201.3300000001,"Opening_Date":"2015-07-18","Performance_Rating":5}
{"Branch_ID":253,"Branch_Name":"Mason, Kelly and Marquez Branch","City":"Lake Barbarashire","Manager_Name":"Toni Watson","Total_Employees":27,"Branch_Revenue":14839803.0,"Opening_Date":"2013-11-10","Performance_Rating":2}
{"Branch_ID":254,"Branch_Name":"Clark and Sons Branch","City":"New Rachel","Manager_Name":"Mary Schmidt","Total_Employees":145,"Branch_Revenue":8758810.2400000002,"Opening_Date":"2014-10-10","Performance_Rating":5}
{"Branch_ID":255,"Branch_Name":"Martin-Hardy Branch","City":"Donaldstad","Manager_Name":"Mario Fleming","Total_Employees":52,"Branch_Revenue":9450227.6500000004,"Opening_Date":"2025-06-22","Performance_Rating":5}
{"Branch_ID":256,"Branch_Name":"Moore-Hodges Branch","City":"Katherineburgh","Manager_Name":"Tracy Green","Total_Employees":78,"Branch_Revenue":13446933.5700000003,"Opening_Date":"2016-05-17","Performance_Rating":2}
{"Branch_ID":257,"Branch_Name":"Graham PLC Branch","City":"South Ethanhaven","Manager_Name":"Kevin Peters","Total_Employees":102,"Branch_Revenue":8736437.2799999993,"Opening_Date":"2009-06-26","Performance_Rating":4}
{"Branch_ID":258,"Branch_Name":"Brown PLC Branch","City":"East Monica","Manager_Name":"Tina Nelson","Total_Employees":199,"Branch_Revenue":17346167.379999999,"Opening_Date":"2023-06-25","Performance_Rating":1}
{"Branch_ID":259,"Branch_Name":"Williamson-Hubbard Branch","City":"West John","Manager_Name":"Stephanie Gray","Total_Employees":141,"Branch_Revenue":7937583.9400000004,"Opening_Date":"2014-05-05","Performance_Rating":2}
{"Branch_ID":260,"Branch_Name":"Price, Sherman and Newman Branch","City":"North Jennifer","Manager_Name":"Michael Massey","Total_Employees":67,"Branch_Revenue":12497296.25,"Opening_Date":"2012-10-02","Performance_Rating":5}
{"Branch_ID":261,"Branch_Name":"Patterson, Deleon and Webb Branch","City":"Bryantport","Manager_Name":"Tim Lawrence","Total_Employees":81,"Branch_Revenue":8156646.0800000001,"Opening_Date":"2013-12-20","Performance_Rating":4}
{"Branch_ID":262,"Branch_Name":"Smith LLC Branch","City":"Edwardsville","Manager_Name":"Andrew Salazar","Total_Employees":130,"Branch_Revenue":16723703.4000000004,"Opening_Date":"2022-01-21","Performance_Rating":4}
{"Branch_ID":263,"Branch_Name":"Allen, Martin and Mosley Branch","City":"New Erika","Manager_Name":"Justin Chambers","Total_Employees":98,"Branch_Revenue":877473.33,"Opening_Date":"2017-02-22","Performance_Rating":3}
{"Branch_ID":264,"Branch_Name":"Horton-Jimenez Branch","City":"Terryside","Manager_Name":"Matthew Roman","Total_Employees":121,"Branch_Revenue":7749196.5999999996,"Opening_Date":"2006-02-02","Performance_Rating":2}
{"Branch_ID":265,"Branch_Name":"Collins, Neal and Lane Branch","City":"Lake Antonioton","Manager_Name":"Maria Lopez","Total_Employees":142,"Branch_Revenue":3777743.79,"Opening_Date":"2024-10-08","Performance_Rating":1}
{"Branch_ID":266,"Branch_Name":"Phillips PLC Branch","City":"Pearsonhaven","Manager_Name":"Amy Ray","Total_Employees":32,"Branch_Revenue":12359218.7100000009,"Opening_Date":"2025-03-26","Performance_Rating":2}
{"Branch_ID":267,"Branch_Name":"Williams-Edwards Branch","City":"Lake Sean","Manager_Name":"Paige Ellis","Total_Employees":133,"Branch_Revenue":16663461.2899999991,"Opening_Date":"2013-04-12","Performance_Rating":2}
{"Branch_ID":268,"Branch_Name":"Miller and Sons Branch","City":"Christopherstad","Manager_Name":"Darren Schwartz","Total_Employees":45,"Branch_Revenue":12885190.3800000008,"Opening_Date":"2016-09-24","Performance_Rating":5}
{"Branch_ID":269,"Branch_Name":"Russell, Rogers and Horn Branch","City":"Tiffanyton","Manager_Name":"Austin Allison","Total_Employees":174,"Branch_Revenue":12506325.9600000009,"Opening_Date":"2018-07-24","Performance_Rating":4}
{"Branch_ID":270,"Branch_Name":"Smith-Pineda Branch","City":"West Chasetown","Manager_Name":"Alicia Contreras","Total_Employees":99,"Branch_Revenue":16740825.7699999996,"Opening_Date":"2013-10-25","Performance_Rating":1}
{"Branch_ID":271,"Branch_Name":"Adams, Mitchell and Schneider Branch","City":"New Jillian","Manager_Name":"Carol Rangel","Total_Employees":177,"Branch_Revenue":14453141.5099999998,"Opening_Date":"2012-03-06","Performance_Rating":3}
{"Branch_ID":272,"Branch_Name":"Alvarez-Hampton Branch","City":"Richardview","Manager_Name":"Amanda Nguyen","Total_Employees":138,"Branch_Revenue":4766238.0499999998,"Opening_Date":"2015-08-29","Performance_Rating":3}
{"Branch_ID":273,"Branch_Name":"Smith, Reed and Huang Branch","City":"Blakefort","Manager_Name":"Brian Reed","Total_Employees":117,"Branch_Revenue":17940286.4400000013,"Opening_Date":"2008-09-11","Performance_Rating":4}
{"Branch_ID":274,"Branch_Name":"Newman-Peterson Branch","City":"South Maxberg","Manager_Name":"Dr. Sarah Kelly","Total_Employees":29,"Branch_Revenue":17549237.1499999985,"Opening_Date":"2014-09-26","Performance_Rating":5}
{"Branch_ID":275,"Branch_Name":"Brown Group Branch","City":"Simpsonhaven","Manager_Name":"Linda Terrell","Total_Employees":183,"Branch_Revenue":13429928.7899999991,"Opening_Date":"2020-03-17","Performance_Rating":3}
{"Branch_ID":276,"Branch_Name":"Chapman-Goodman Branch","City":"East Christine","Manager_Name":"Thomas Simmons","Total_Employees":126,"Branch_Revenue":4140699.3500000001,"Opening_Date":"2009-12-15","Performance_Rating":4}
{"Branch_ID":277,"Branch_Name":"Cook PLC Branch","City":"Bryanthaven","Manager_Name":"Anna Richardson","Total_Employees":122,"Branch_Revenue":5998627.4800000004,"Opening_Date":"2009-08-18","Performance_Rating":3}
{"Branch_ID":278,"Branch_Name":"Hall PLC Branch","City":"Michellefort","Manager_Name":"Thomas Johnson","Total_Employees":71,"Branch_Revenue":15845361.1400000006,"Opening_Date":"2022-03-24","Performance_Rating":4}
{"Branch_ID":279,"Branch_Name":"Sloan, Williams and Adkins Branch","City":"North Daniellestad","Manager_Name":"Whitney Johnson","Total_Employees":50,"Branch_Revenue":11944059.6099999994,"Opening_Date":"2021-10-14","Performance_Rating":2}
{"Branch_ID":280,"Branch_Name":"Malone, Stewart and Stephens Branch","City":"North Daniellestad","Manager_Name":"Carlos Grant","Total_Employees":128,"Branch_Revenue":12218850.5800000001,"Opening_Date":"2017-06-26","Performance_Rating":4}
{"Branch_ID":281,"Branch_Name":"Nelson, Randall and Thornton Branch","City":"North Teresa","Manager_Name":"Michael Pena","Total_Employees":143,"Branch_Revenue":19282213.0599999987,"Opening_Date":"2005-11-26","Performance_Rating":1}
{"Branch_ID":282,"Branch_Name":"Myers-Hall Branch","City":"Lake Laurie","Manager_Name":"Maria Ochoa","Total_Employees":73,"Branch_Revenue":1464419.95,"Opening_Date":"2016-10-29","Performance_Rating":4}
{"Branch_ID":283,"Branch_Name":"James-Williams Branch","City":"Brendachester","Manager_Name":"Jonathan Floyd","Total_Employees":76,"Branch_Revenue":11199132.8000000007,"Opening_Date":"2006-03-24","Performance_Rating":3}
{"Branch_ID":284,"Branch_Name":"Wheeler, Henderson and Weeks Branch","City":"East Kimberlyside","Manager_Name":"Rebecca Silva","Total_Employees":54,"Branch_Revenue":10477426.1500000004,"Opening_Date":"2013-01-06","Performance_Rating":4}
{"Branch_ID":285,"Branch_Name":"Miller Inc Branch","City":"Port Audreyview","Manager_Name":"Tiffany Kennedy","Total_Employees":40,"Branch_Revenue":5593256.5999999996,"Opening_Date":"2022-11-08","Performance_Rating":4}
{"Branch_ID":286,"Branch_Name":"Moore-Schaefer Branch","City":"Elizabethstad","Manager_Name":"Kenneth Hernandez","Total_Employees":15,"Branch_Revenue":1054267.3799999999,"Opening_Date":"2021-06-25","Performance_Rating":1}
{"Branch_ID":287,"Branch_Name":"Thomas, Brock and Hansen Branch","City":"Tiffanytown","Manager_Name":"Gina Shields","Total_Employees":190,"Branch_Revenue":16677937.8800000008,"Opening_Date":"2010-05-25","Performance_Rating":5}
{"Branch_ID":288,"Branch_Name":"Jones LLC Branch","City":"East Gregory","Manager_Name":"Maria Perkins","Total_Employees":128,"Branch_Revenue":4436455.8099999996,"Opening_Date":"2021-04-20","Performance_Rating":1}
{"Branch_ID":289,"Branch_Name":"Lin Inc Branch","City":"North Nancymouth","Manager_Name":"Lisa Harris","Total_Employees":100,"Branch_Revenue":16979816.6099999994,"Opening_Date":"2020-08-22","Performance_Rating":3}
{"Branch_ID":290,"Branch_Name":"Friedman-Martin Branch","City":"Port Larrytown","Manager_Name":"Adam Berry","Total_Employees":29,"Branch_Revenue":10200972.3399999999,"Opening_Date":"2008-06-14","Performance_Rating":2}
{"Branch_ID":291,"Branch_Name":"Chavez-Pierce Branch","City":"South Sydney","Manager_Name":"Jamie Pope","Total_Employees":140,"Branch_Revenue":7384898.7999999998,"Opening_Date":"2010-01-04","Performance_Rating":4}
{"Branch_ID":292,"Branch_Name":"Gutierrez PLC Branch","City":"Richardview","Manager_Name":"Mr. Keith Wong","Total_Employees":64,"Branch_Revenue":9996697.5700000003,"Opening_Date":"2006-09-16","Performance_Rating":5}
{"Branch_ID":293,"Branch_Name":"Hess-Miller Branch","City":"Martinezmouth","Manager_Name":"Gregory Turner","Total_Employees":127,"Branch_Revenue":1468844.6899999999,"Opening_Date":"2010-01-10","Performance_Rating":4}
{"Branch_ID":294,"Branch_Name":"Bird, Weber and Cain Branch","City":"New Jayfort","Manager_Name":"Jamie Jennings","Total_Employees":116,"Branch_Revenue":9134981.1899999995,"Opening_Date":"2009-06-23","Performance_Rating":5}
{"Branch_ID":295,"Branch_Name":"Lewis Ltd Branch","City":"Albertchester","Manager_Name":"Ashley Moreno","Total_Employees":55,"Branch_Revenue":1171726.1499999999,"Opening_Date":"2024-12-07","Performance_Rating":1}
{"Branch_ID":296,"Branch_Name":"Booth, Jones and Burke Branch","City":"South Jameshaven","Manager_Name":"Allen Nelson","Total_Employees":53,"Branch_Revenue":6141371.75,"Opening_Date":"2025-08-12","Performance_Rating":5}
{"Branch_ID":297,"Branch_Name":"Evans-Mercado Branch","City":"Wilsonmouth","Manager_Name":"Jennifer Velez","Total_Employees":196,"Branch_Revenue":1573707.0900000001,"Opening_Date":"2017-02-18","Performance_Rating":4}
{"Branch_ID":298,"Branch_Name":"Lane, Barton and Henson Branch","City":"East Jennifer","Manager_Name":"Anthony Pope","Total_Employees":189,"Branch_Revenue":3683322.9500000002,"Opening_Date":"2024-01-27","Performance_Rating":1}
{"Branch_ID":299,"Branch_Name":"Scott-Olson Branch","City":"Pagefort","Manager_Name":"Mrs. Alicia Wagner","Total_Employees":73,"Branch_Revenue":7725846.4400000004,"Opening_Date":"2015-08-31","Performance_Rating":1}
{"Branch_ID":300,"Branch_Name":"Smith PLC Branch","City":"Port Lisa","Manager_Name":"Robert Phillips","Total_Employees":53,"Branch_Revenue":3540724.02,"Opening_Date":"2013-04-06","Performance_Rating":2}
{"Branch_ID":301,"Branch_Name":"Jackson-Smith Branch","City":"New Jillian","Manager_Name":"Alexander Gonzales","Total_Employees":186,"Branch_Revenue":18184049.1999999993,"Opening_Date":"2024-08-22","Performance_Rating":5}
{"Branch_ID":302,"Branch_Name":"Miller-Nelson Branch","City":"Hudsonfurt","Manager_Name":"James Smith","Total_Employees":16,"Branch_Revenue":3881372.2400000002,"Opening_Date":"2018-08-25","Performance_Rating":5}
{"Branch_ID":303,"Branch_Name":"Bright Inc Branch","City":"West Frederick","Manager_Name":"Matthew Osborne","Total_Employees":197,"Branch_Revenue":1708446.02,"Opening_Date":"2020-05-13","Performance_Rating":1}
{"Branch_ID":304,"Branch_Name":"Johnson, Arias and Kramer Branch","City":"New Michealtown","Manager_Name":"Albert Diaz DVM","Total_Employees":51,"Branch_Revenue":8471943.4299999997,"Opening_Date":"2019-08-19","Performance_Rating":2}
{"Branch_ID":305,"Branch_Name":"Rivas LLC Branch","City":"Tiffanyton","Manager_Name":"Sarah Parker","Total_Employees":80,"Branch_Revenue":13173543.2799999993,"Opening_Date":"2012-12-15","Performance_Rating":4}
{"Branch_ID":306,"Branch_Name":"Johnson Ltd Branch","City":"New Jesseberg","Manager_Name":"Courtney Young","Total_Employees":93,"Branch_Revenue":6776395.6399999997,"Opening_Date":"2023-11-23","Performance_Rating":4}
{"Branch_ID":307,"Branch_Name":"Hill, Ramos and Brennan Branch","City":"Simsmouth","Manager_Name":"Priscilla Horn","Total_Employees":156,"Branch_Revenue":11185799.8100000005,"Opening_Date":"2015-05-18","Performance_Rating":4}
{"Branch_ID":308,"Branch_Name":"Clark-Smith Branch","City":"New Noah","Manager_Name":"Brandon Lee","Total_Employees":197,"Branch_Revenue":9106785.8800000008,"Opening_Date":"2013-04-30","Performance_Rating":5}
{"Branch_ID":309,"Branch_Name":"Steele, Marsh and Richardson Branch","City":"Lake Normafort","Manager_Name":"Lauren Cook","Total_Employees":79,"Branch_Revenue":15076468.4700000007,"Opening_Date":"2019-10-23","Performance_Rating":5}
{"Branch_ID":310,"Branch_Name":"Crane, Cox and Miller Branch","City":"Lake Jordan","Manager_Name":"Emily Davis","Total_Employees":31,"Branch_Revenue":1171789.0700000001,"Opening_Date":"2011-11-14","Performance_Rating":1}
{"Branch_ID":311,"Branch_Name":"Miller, Brown and Hoffman Branch","City":"Port David","Manager_Name":"Mr. Austin Cunningham","Total_Employees":108,"Branch_Revenue":3126775.1200000001,"Opening_Date":"2010-04-24","Performance_Rating":2}
{"Branch_ID":312,"Branch_Name":"Rogers Group Branch","City":"Port Kathleenview","Manager_Name":"Sheila Peterson","Total_Employees":154,"Branch_Revenue":5897253.7300000004,"Opening_Date":"2012-09-15","Performance_Rating":4}
{"Branch_ID":313,"Branch_Name":"Roman, Lynch and Davis Branch","City":"Davisborough","Manager_Name":"Lauren Freeman","Total_Employees":56,"Branch_Revenue":10495165.0899999999,"Opening_Date":"2019-11-28","Performance_Rating":3}
{"Branch_ID":314,"Branch_Name":"Cole-Rich Branch","City":"Kristaborough","Manager_Name":"Wendy Wallace","Total_Employees":87,"Branch_Revenue":3204538.9399999999,"Opening_Date":"2019-06-11","Performance_Rating":5}
{"Branch_ID":315,"Branch_Name":"Smith Group Branch","City":"Juliaview","Manager_Name":"Diana Bush","Total_Employees":63,"Branch_Revenue":5880611.2400000002,"Opening_Date":"2024-12-04","Performance_Rating":2}
{"Branch_ID":316,"Branch_Name":"Warren, Tanner and Combs Branch","City":"Lake Michael","Manager_Name":"Daniel Hill","Total_Employees":144,"Branch_Revenue":7820595.3300000001,"Opening_Date":"2013-12-16","Performance_Rating":1}
{"Branch_ID":317,"Branch_Name":"Howard, Tate and Nguyen Branch","City":"Margaretchester","Manager_Name":"Wayne Jenkins","Total_Employees":180,"Branch_Revenue":15957302.7699999996,"Opening_Date":"2007-10-18","Performance_Rating":1}
{"Branch_ID":318,"Branch_Name":"Anderson-Dunn Branch","City":"West Laurieton","Manager_Name":"Isabella Frazier","Total_Employees":145,"Branch_Revenue":3774167.2000000002,"Opening_Date":"2020-03-13","Performance_Rating":4}
{"Branch_ID":319,"Branch_Name":"Ho Inc Branch","City":"Ashleyside","Manager_Name":"Stacey Blackburn","Total_Employees":159,"Branch_Revenue":7085294.5899999999,"Opening_Date":"2006-06-01","Performance_Rating":1}
{"Branch_ID":320,"Branch_Name":"Wallace, Reynolds and Williams Branch","City":"East Nicholasport","Manager_Name":"Sarah Johnson","Total_Employees":165,"Branch_Revenue":17009110.4200000018,"Opening_Date":"2011-11-21","Performance_Rating":1}
{"Branch_ID":321,"Branch_Name":"Smith, Stewart and Howell Branch","City":"Lake Sean","Manager_Name":"Kenneth Bailey","Total_Employees":33,"Branch_Revenue":16583699.1699999999,"Opening_Date":"2025-08-23","Performance_Rating":1}
{"Branch_ID":322,"Branch_Name":"Ramsey-Carr Branch","City":"Lake Charles","Manager_Name":"Jennifer Lam","Total_Employees":19,"Branch_Revenue":7229134.2000000002,"Opening_Date":"2009-09-15","Performance_Rating":5}
{"Branch_ID":323,"Branch_Name":"Lee-Brown Branch","City":"Smithside","Manager_Name":"Rose Sloan","Total_Employees":177,"Branch_Revenue":967857.62,"Opening_Date":"2021-07-17","Performance_Rating":4}
{"Branch_ID":324,"Branch_Name":"Edwards, Dunlap and Fernandez Branch","City":"Kimberlyburgh","Manager_Name":"Cynthia Davidson","Total_Employees":165,"Branch_Revenue":1427508.9099999999,"Opening_Date":"2019-07-11","Performance_Rating":1}
{"Branch_ID":325,"Branch_Name":"Gray Ltd Branch","City":"Lake Kyleborough","Manager_Name":"Cody Melendez","Total_Employees":61,"Branch_Revenue":6970712.5599999996,"Opening_Date":"2012-02-24","Performance_Rating":1}
{"Branch_ID":326,"Branch_Name":"Shepherd-Rodriguez Branch","City":"Johnstad","Manager_Name":"Sabrina Duncan","Total_Employees":30,"Branch_Revenue":9392337.8399999999,"Opening_Date":"2017-06-22","Performance_Rating":1}
{"Branch_ID":327,"Branch_Name":"Hartman-Vargas Branch","City":"Smithmouth","Manager_Name":"Bradley Cohen","Total_Employees":121,"Branch_Revenue":9727869.3100000005,"Opening_Date":"2013-07-04","Performance_Rating":1}
{"Branch_ID":328,"Branch_Name":"Marshall-Carey Branch","City":"Lake Kyleborough","Manager_Name":"Patricia Mccormick","Total_Employees":85,"Branch_Revenue":6089122.75,"Opening_Date":"2009-09-15","Performance_Rating":5}
{"Branch_ID":329,"Branch_Name":"Williams-Thomas Branch","City":"West Donnafort","Manager_Name":"Tanya Owens","Total_Employees":69,"Branch_Revenue":10621200.3399999999,"Opening_Date":"2018-08-22","Performance_Rating":2}
{"Branch_ID":330,"Branch_Name":"Byrd Ltd Branch","City":"Littleburgh","Manager_Name":"Ryan Clark","Total_Employees":180,"Branch_Revenue":5075576.2199999997,"Opening_Date":"2015-11-14","Performance_Rating":5}
{"Branch_ID":331,"Branch_Name":"Green-Noble Branch","City":"Alexanderstad","Manager_Name":"Rebecca Hayes","Total_Employees":182,"Branch_Revenue":9051609.7200000007,"Opening_Date":"2023-01-11","Performance_Rating":3}
{"Branch_ID":332,"Branch_Name":"Moore-Soto Branch","City":"Flynnville","Manager_Name":"Nathan Delgado","Total_Employees":165,"Branch_Revenue":3124769.6200000001,"Opening_Date":"2025-06-20","Performance_Rating":1}
{"Branch_ID":333,"Branch_Name":"Solis, Simpson and Martin Branch","City":"Samuelmouth","Manager_Name":"Jessica Morales","Total_Employees":93,"Branch_Revenue":8702284.5199999996,"Opening_Date":"2015-02-15","Performance_Rating":3}
{"Branch_ID":334,"Branch_Name":"Ramirez-Wells Branch","City":"Gregoryborough","Manager_Name":"Ryan Berry","Total_Employees":192,"Branch_Revenue":15842539.6699999999,"Opening_Date":"2020-10-01","Performance_Rating":1}
{"Branch_ID":335,"Branch_Name":"Powell, Jones and Hamilton Branch","City":"Kaisermouth","Manager_Name":"Samantha Lewis","Total_Employees":187,"Branch_Revenue":5786496.0899999999,"Opening_Date":"2021-02-10","Performance_Rating":3}
{"Branch_ID":336,"Branch_Name":"Nguyen Inc Branch","City":"Port Gina","Manager_Name":"Kelsey Wright","Total_Employees":77,"Branch_Revenue":10239372.4000000004,"Opening_Date":"2007-05-26","Performance_Rating":1}
{"Branch_ID":337,"Branch_Name":"Thompson-Griffin Branch","City":"Shirleyland","Manager_Name":"Kaitlyn Richards","Total_Employees":87,"Branch_Revenue":8847102.2100000009,"Opening_Date":"2024-02-09","Performance_Rating":1}
{"Branch_ID":338,"Branch_Name":"Orozco PLC Branch","City":"Lake Danaville","Manager_Name":"Nichole Hughes","Total_Employees":76,"Branch_Revenue":9021899.1099999994,"Opening_Date":"2008-05-24","Performance_Rating":4}
{"Branch_ID":339,"Branch_Name":"Moreno PLC Branch","City":"West Adrianburgh","Manager_Name":"Mark Gonzales","Total_Employees":126,"Branch_Revenue":4499915.2999999998,"Opening_Date":"2007-12-08","Performance_Rating":3}
{"Branch_ID":340,"Branch_Name":"Martin LLC Branch","City":"East Jillland","Manager_Name":"Sydney Walters","Total_Employees":151,"Branch_Revenue":16505244.2899999991,"Opening_Date":"2011-02-23","Performance_Rating":1}
{"Branch_ID":341,"Branch_Name":"Aguirre-Bowman Branch","City":"Alexanderstad","Manager_Name":"Billy Black","Total_Employees":194,"Branch_Revenue":12682372.5500000007,"Opening_Date":"2013-08-19","Performance_Rating":5}
{"Branch_ID":342,"Branch_Name":"Alvarez PLC Branch","City":"Staceyburgh","Manager_Name":"Dr. Stephanie Miller","Total_Employees":82,"Branch_Revenue":6075180.7999999998,"Opening_Date":"2010-04-07","Performance_Rating":2}
{"Branch_ID":343,"Branch_Name":"Middleton, Williams and Rubio Branch","City":"South Leah","Manager_Name":"John Garcia","Total_Employees":165,"Branch_Revenue":8469674.75,"Opening_Date":"2006-03-12","Performance_Rating":1}
{"Branch_ID":344,"Branch_Name":"Andrews Ltd Branch","City":"Chavezborough","Manager_Name":"Charles Baker","Total_Employees":77,"Branch_Revenue":19851331.5899999999,"Opening_Date":"2007-03-10","Performance_Rating":1}
{"Branch_ID":345,"Branch_Name":"Butler, Sullivan and Torres Branch","City":"Jenningsborough","Manager_Name":"Mike Diaz","Total_Employees":54,"Branch_Revenue":16226420.2599999998,"Opening_Date":"2009-07-29","Performance_Rating":1}
{"Branch_ID":346,"Branch_Name":"King, Owens and Mercado Branch","City":"Port Rebeccaview","Manager_Name":"Marissa Rogers","Total_Employees":33,"Branch_Revenue":5913660.0499999998,"Opening_Date":"2010-02-04","Performance_Rating":4}
{"Branch_ID":347,"Branch_Name":"Nguyen LLC Branch","City":"Lake Amandatown","Manager_Name":"Alexander Murphy","Total_Employees":119,"Branch_Revenue":12361982.7799999993,"Opening_Date":"2013-12-31","Performance_Rating":2}
{"Branch_ID":348,"Branch_Name":"Shepard Ltd Branch","City":"Port Steven","Manager_Name":"Megan Pratt","Total_Employees":192,"Branch_Revenue":6214986.4900000002,"Opening_Date":"2025-06-03","Performance_Rating":5}
{"Branch_ID":349,"Branch_Name":"Jones Group Branch","City":"Margaretburgh","Manager_Name":"Stacy Mendoza","Total_Employees":133,"Branch_Revenue":11518034.4399999995,"Opening_Date":"2023-08-13","Performance_Rating":1}
{"Branch_ID":350,"Branch_Name":"Nolan, Lang and Mann Branch","City":"West Bonnie","Manager_Name":"Dawn Howard","Total_Employees":65,"Branch_Revenue":9372456.0199999996,"Opening_Date":"2009-02-20","Performance_Rating":5}
{"Branch_ID":351,"Branch_Name":"Griffin, White and Miller Branch","City":"Christopherport","Manager_Name":"Charles Johnson","Total_Employees":124,"Branch_Revenue":18550952.9100000001,"Opening_Date":"2016-04-20","Performance_Rating":5}
{"Branch_ID":352,"Branch_Name":"Johnson-Wilson Branch","City":"Colemanside","Manager_Name":"Nicole Grimes","Total_Employees":45,"Branch_Revenue":1334386.7,"Opening_Date":"2011-08-13","Performance_Rating":3}
{"Branch_ID":353,"Branch_Name":"Stevens-Braun Branch","City":"Joshuaborough","Manager_Name":"Christina Welch","Total_Employees":153,"Branch_Revenue":3942360.4900000002,"Opening_Date":"2022-02-21","Performance_Rating":5}
{"Branch_ID":354,"Branch_Name":"Rogers-King Branch","City":"Lake Joseborough","Manager_Name":"Frank Williams","Total_Employees":196,"Branch_Revenue":8959536.4199999999,"Opening_Date":"2021-10-30","Performance_Rating":2}
{"Branch_ID":355,"Branch_Name":"Wright Ltd Branch","City":"Onealview","Manager_Name":"Elaine Mccullough","Total_Employees":105,"Branch_Revenue":11576282.5500000007,"Opening_Date":"2024-05-14","Performance_Rating":5}
{"Branch_ID":356,"Branch_Name":"Duncan LLC Branch","City":"Waltershire","Manager_Name":"Timothy Lamb","Total_Employees":172,"Branch_Revenue":18014448.3500000015,"Opening_Date":"2008-06-23","Performance_Rating":3}
{"Branch_ID":357,"Branch_Name":"Chang-Lucas Branch","City":"Wintershaven","Manager_Name":"Christine Gonzalez MD","Total_Employees":35,"Branch_Revenue":18564284.1700000018,"Opening_Date":"2011-09-11","Performance_Rating":1}
{"Branch_ID":358,"Branch_Name":"Winters-Rodriguez Branch","City":"East Kimberlyside","Manager_Name":"Debbie Walker","Total_Employees":150,"Branch_Revenue":13569636.5899999999,"Opening_Date":"2006-04-17","Performance_Rating":4}
{"Branch_ID":359,"Branch_Name":"Ward and Sons Branch","City":"Tiffanytown","Manager_Name":"Tammy Rose","Total_Employees":24,"Branch_Revenue":4524006.3399999999,"Opening_Date":"2021-01-29","Performance_Rating":1}
{"Branch_ID":360,"Branch_Name":"Taylor, Mckay and Orozco Branch","City":"New Amy","Manager_Name":"Samuel Ross","Total_Employees":16,"Branch_Revenue":4200602.7300000004,"Opening_Date":"2020-09-21","Performance_Rating":4}
{"Branch_ID":361,"Branch_Name":"Douglas and Sons Branch","City":"Walkerside","Manager_Name":"Wesley Weiss","Total_Employees":67,"Branch_Revenue":8772792.9700000007,"Opening_Date":"2009-12-12","Performance_Rating":3}
{"Branch_ID":362,"Branch_Name":"Higgins, Michael and Harris Branch","City":"West Kathrynberg","Manager_Name":"Joseph Austin","Total_Employees":102,"Branch_Revenue":18604395.8099999987,"Opening_Date":"2010-07-22","Performance_Rating":4}
{"Branch_ID":363,"Branch_Name":"Tapia-Flynn Branch","City":"Lake Shannonchester","Manager_Name":"John Wheeler","Total_Employees":85,"Branch_Revenue":2301344.1600000001,"Opening_Date":"2019-10-02","Performance_Rating":3}
{"Branch_ID":364,"Branch_Name":"Watson Group Branch","City":"Leburgh","Manager_Name":"Daniel Johnson","Total_Employees":42,"Branch_Revenue":2837205.4500000002,"Opening_Date":"2015-08-21","Performance_Rating":1}
{"Branch_ID":365,"Branch_Name":"Mullins and Sons Branch","City":"Ashleyport","Manager_Name":"Jocelyn Stephenson","Total_Employees":44,"Branch_Revenue":4949170.0099999998,"Opening_Date":"2019-05-04","Performance_Rating":5}
{"Branch_ID":366,"Branch_Name":"Brennan PLC Branch","City":"East Victoriaside","Manager_Name":"Leah Brewer","Total_Employees":64,"Branch_Revenue":8707974.9199999999,"Opening_Date":"2019-09-07","Performance_Rating":3}
{"Branch_ID":367,"Branch_Name":"Smith PLC Branch","City":"Gregoryborough","Manager_Name":"Carla Quinn","Total_Employees":92,"Branch_Revenue":19734283.370000001,"Opening_Date":"2024-04-16","Performance_Rating":2}
{"Branch_ID":368,"Branch_Name":"Holmes, Harrell and Woods Branch","City":"Colemanside","Manager_Name":"Sharon Fuller","Total_Employees":39,"Branch_Revenue":5201469.4100000001,"Opening_Date":"2006-08-27","Performance_Rating":5}
{"Branch_ID":369,"Branch_Name":"Johnson LLC Branch","City":"Hunterfurt","Manager_Name":"Thomas Dillon","Total_Employees":185,"Branch_Revenue":3724378.3199999998,"Opening_Date":"2019-01-22","Performance_Rating":5}
{"Branch_ID":370,"Branch_Name":"Roberts, Murphy and Lewis Branch","City":"Katherineburgh","Manager_Name":"William Santana","Total_Employees":114,"Branch_Revenue":8606819.4900000002,"Opening_Date":"2011-04-29","Performance_Rating":4}
{"Branch_ID":371,"Branch_Name":"Chambers, Lindsey and Ramos Branch","City":"New Kyleberg","Manager_Name":"Parker Dunn","Total_Employees":157,"Branch_Revenue":10306987.8200000003,"Opening_Date":"2019-11-13","Performance_Rating":1}
{"Branch_ID":372,"Branch_Name":"King, Thompson and Roberts Branch","City":"Nicholasburgh","Manager_Name":"Lisa Cowan","Total_Employees":16,"Branch_Revenue":18748597.9899999984,"Opening_Date":"2019-07-23","Performance_Rating":4}
{"Branch_ID":373,"Branch_Name":"Humphrey, Mitchell and Buck Branch","City":"Ashleyside","Manager_Name":"Jonathan Miller","Total_Employees":114,"Branch_Revenue":7496131.9800000004,"Opening_Date":"2011-02-22","Performance_Rating":4}
{"Branch_ID":374,"Branch_Name":"Hernandez PLC Branch","City":"Jessicamouth","Manager_Name":"James Pennington","Total_Employees":117,"Branch_Revenue":10888243.4199999999,"Opening_Date":"2014-05-27","Performance_Rating":3}
{"Branch_ID":375,"Branch_Name":"Hanson-Carter Branch","City":"New Josephtown","Manager_Name":"Alex Martinez","Total_Employees":118,"Branch_Revenue":3890860.0800000001,"Opening_Date":"2013-02-07","Performance_Rating":2}
{"Branch_ID":376,"Branch_Name":"Burke-Barr Branch","City":"North Kevinfurt","Manager_Name":"Michelle Gray","Total_Employees":185,"Branch_Revenue":12015110.0099999998,"Opening_Date":"2007-12-24","Performance_Rating":1}
{"Branch_ID":377,"Branch_Name":"Hardin-Rodriguez Branch","City":"East Nicholasport","Manager_Name":"Craig Stanley","Total_Employees":50,"Branch_Revenue":13427564.0299999993,"Opening_Date":"2010-07-20","Performance_Rating":4}
{"Branch_ID":378,"Branch_Name":"Richardson-Griffith Branch","City":"Port Kathleenview","Manager_Name":"Mark Maldonado","Total_Employees":27,"Branch_Revenue":4479030.7300000004,"Opening_Date":"2024-07-15","Performance_Rating":1}
{"Branch_ID":379,"Branch_Name":"Richards-Morgan Branch","City":"Margaretchester","Manager_Name":"Daniel Brooks","Total_Employees":35,"Branch_Revenue":1554546.4199999999,"Opening_Date":"2025-01-07","Performance_Rating":3}
{"Branch_ID":380,"Branch_Name":"Sullivan and Sons Branch","City":"Waltershire","Manager_Name":"Anthony Hart","Total_Employees":87,"Branch_Revenue":2753338.2200000002,"Opening_Date":"2019-09-14","Performance_Rating":5}
{"Branch_ID":381,"Branch_Name":"Stewart, Wilson and Dalton Branch","City":"Shermanborough","Manager_Name":"Stephen Wilson","Total_Employees":17,"Branch_Revenue":13683715.8800000008,"Opening_Date":"2020-06-05","Performance_Rating":1}
{"Branch_ID":382,"Branch_Name":"Hurley-Reynolds Branch","City":"Port Larrytown","Manager_Name":"Diane Miller","Total_Employees":49,"Branch_Revenue":9744961.8800000008,"Opening_Date":"2019-01-14","Performance_Rating":4}
{"Branch_ID":383,"Branch_Name":"Brown LLC Branch","City":"West Donnafort","Manager_Name":"Tracy Cooper","Total_Employees":90,"Branch_Revenue":7724789.2199999997,"Opening_Date":"2009-02-24","Performance_Rating":2}
{"Branch_ID":384,"Branch_Name":"Jones, Page and Kennedy Branch","City":"Phillipsbury","Manager_Name":"Katherine Pena","Total_Employees":34,"Branch_Revenue":5762075.6200000001,"Opening_Date":"2017-09-26","Performance_Rating":3}
{"Branch_ID":385,"Branch_Name":"Rosales-Anderson Branch","City":"Port Kathleenview","Manager_Name":"Kristie Kim PhD","Total_Employees":150,"Branch_Revenue":11034821.1199999992,"Opening_Date":"2016-08-30","Performance_Rating":2}
{"Branch_ID":386,"Branch_Name":"Davis-Long Branch","City":"North Lisaland","Manager_Name":"Laura Jones","Total_Employees":95,"Branch_Revenue":9686533.3900000006,"Opening_Date":"2008-06-24","Performance_Rating":2}
{"Branch_ID":387,"Branch_Name":"Massey-Reed Branch","City":"South Melissaburgh","Manager_Name":"Megan Richardson","Total_Employees":37,"Branch_Revenue":4230090.9299999997,"Opening_Date":"2014-01-20","Performance_Rating":4}
{"Branch_ID":388,"Branch_Name":"Parrish, Hall and Adams Branch","City":"South Danielle","Manager_Name":"Jerome Patterson","Total_Employees":110,"Branch_Revenue":10046957.1799999997,"Opening_Date":"2014-05-13","Performance_Rating":4}
{"Branch_ID":389,"Branch_Name":"Garcia Inc Branch","City":"North Cody","Manager_Name":"Benjamin Morris","Total_Employees":147,"Branch_Revenue":9484263.1300000008,"Opening_Date":"2012-10-20","Performance_Rating":5}
{"Branch_ID":390,"Branch_Name":"Robertson and Sons Branch","City":"North Adam","Manager_Name":"Kimberly Mckay DDS","Total_Employees":23,"Branch_Revenue":16140530.4600000009,"Opening_Date":"2022-04-24","Performance_Rating":1}
{"Branch_ID":391,"Branch_Name":"Herrera LLC Branch","City":"Jimmyton","Manager_Name":"Dawn Riley","Total_Employees":182,"Branch_Revenue":4236825.5800000001,"Opening_Date":"2017-10-06","Performance_Rating":3}
{"Branch_ID":392,"Branch_Name":"Hawkins-Nguyen Branch","City":"Perezbury","Manager_Name":"William Lopez","Total_Employees":42,"Branch_Revenue":3354784.71,"Opening_Date":"2014-08-03","Performance_Rating":2}
{"Branch_ID":393,"Branch_Name":"Russell LLC Branch","City":"North Teresa","Manager_Name":"Roy Bryan","Total_Employees":78,"Branch_Revenue":6786586.9199999999,"Opening_Date":"2007-01-20","Performance_Rating":5}
{"Branch_ID":394,"Branch_Name":"Gonzales, Diaz and Green Branch","City":"Shieldsburgh","Manager_Name":"Susan Duran","Total_Employees":128,"Branch_Revenue":3407205.7599999998,"Opening_Date":"2014-10-17","Performance_Rating":5}
{"Branch_ID":395,"Branch_Name":"Campbell PLC Branch","City":"Ashleychester","Manager_Name":"Mary Kerr","Total_Employees":177,"Branch_Revenue":1426650.99,"Opening_Date":"2013-01-22","Performance_Rating":1}
{"Branch_ID":396,"Branch_Name":"Berry, Kelley and Hughes Branch","City":"Hudsonfurt","Manager_Name":"Randy Sanford","Total_Employees":180,"Branch_Revenue":7664675.2599999998,"Opening_Date":"2024-06-30","Performance_Rating":5}
{"Branch_ID":397,"Branch_Name":"Thomas PLC Branch","City":"Lake Michellechester","Manager_Name":"George Mullins","Total_Employees":160,"Branch_Revenue":5921310.25,"Opening_Date":"2013-12-11","Performance_Rating":4}
{"Branch_ID":398,"Branch_Name":"Wong, Turner and Gordon Branch","City":"Port David","Manager_Name":"Lee Johns","Total_Employees":146,"Branch_Revenue":14731686.8699999992,"Opening_Date":"2012-03-11","Performance_Rating":5}
{"Branch_ID":399,"Branch_Name":"Smith Ltd Branch","City":"Martinezmouth","Manager_Name":"Linda Contreras","Total_Employees":125,"Branch_Revenue":12869680.9700000007,"Opening_Date":"2009-08-14","Performance_Rating":3}
{"Branch_ID":400,"Branch_Name":"Leon PLC Branch","City":"North Shannon","Manager_Name":"Teresa Davis","Total_Employees":20,"Branch_Revenue":9348827.2300000004,"Opening_Date":"2012-01-21","Performance_Rating":3}
{"Branch_ID":401,"Branch_Name":"Allen-Guzman Branch","City":"Watsonbury","Manager_Name":"James Conley","Total_Employees":105,"Branch_Revenue":11189344.7200000007,"Opening_Date":"2018-01-21","Performance_Rating":1}
{"Branch_ID":402,"Branch_Name":"Morrison, Morrison and Camacho Branch","City":"Watsonbury","Manager_Name":"Carla Tate","Total_Employees":39,"Branch_Revenue":3140399.5600000001,"Opening_Date":"2006-11-15","Performance_Rating":2}
{"Branch_ID":403,"Branch_Name":"Atkins-Gay Branch","City":"South Johnside","Manager_Name":"Debra White","Total_Employees":116,"Branch_Revenue":16575301.0500000007,"Opening_Date":"2018-11-09","Performance_Rating":2}
{"Branch_ID":404,"Branch_Name":"Adams LLC Branch","City":"Brownview","Manager_Name":"Wendy Wood","Total_Employees":131,"Branch_Revenue":10511941.5299999993,"Opening_Date":"2011-05-12","Performance_Rating":5}
{"Branch_ID":405,"Branch_Name":"Summers, Gonzalez and Lucas Branch","City":"Murraytown","Manager_Name":"Rebecca Vaughan","Total_Employees":71,"Branch_Revenue":1977364.3600000001,"Opening_Date":"2006-01-31","Performance_Rating":1}
{"Branch_ID":406,"Branch_Name":"Delgado Ltd Branch","City":"Nicoleside","Manager_Name":"Joshua Little","Total_Employees":194,"Branch_Revenue":1857282.6799999999,"Opening_Date":"2017-06-20","Performance_Rating":4}
{"Branch_ID":407,"Branch_Name":"Evans-Baker Branch","City":"Taylorbury","Manager_Name":"Tiffany Parker","Total_Employees":168,"Branch_Revenue":19572659.9600000009,"Opening_Date":"2015-05-02","Performance_Rating":3}
{"Branch_ID":408,"Branch_Name":"Owens, Hanson and Vincent Branch","City":"New Josephtown","Manager_Name":"David Young","Total_Employees":69,"Branch_Revenue":13170301.7599999998,"Opening_Date":"2016-03-01","Performance_Rating":5}
{"Branch_ID":409,"Branch_Name":"Wilson PLC Branch","City":"Gregoryborough","Manager_Name":"Michael Hawkins","Total_Employees":175,"Branch_Revenue":16510207.3200000003,"Opening_Date":"2014-10-09","Performance_Rating":4}
{"Branch_ID":410,"Branch_Name":"Gonzales-Klein Branch","City":"Wilsonmouth","Manager_Name":"Alyssa Taylor","Total_Employees":174,"Branch_Revenue":2980229.4300000002,"Opening_Date":"2019-09-18","Performance_Rating":4}
{"Branch_ID":411,"Branch_Name":"Acosta, Murphy and Rojas Branch","City":"West Sherry","Manager_Name":"Krista Ewing","Total_Employees":178,"Branch_Revenue":15242827.4499999993,"Opening_Date":"2024-08-26","Performance_Rating":3}
{"Branch_ID":412,"Branch_Name":"Nelson, Sanchez and Burch Branch","City":"South William","Manager_Name":"William Clark","Total_Employees":92,"Branch_Revenue":14097805.3800000008,"Opening_Date":"2014-12-09","Performance_Rating":4}
{"Branch_ID":413,"Branch_Name":"Bullock-Martinez Branch","City":"Victoriahaven","Manager_Name":"Eric Burns","Total_Employees":68,"Branch_Revenue":1772489.3500000001,"Opening_Date":"2025-07-23","Performance_Rating":2}
{"Branch_ID":414,"Branch_Name":"Jackson-Macias Branch","City":"Donnaton","Manager_Name":"Elizabeth Smith","Total_Employees":136,"Branch_Revenue":8088186.4100000001,"Opening_Date":"2007-12-12","Performance_Rating":1}
{"Branch_ID":415,"Branch_Name":"Martinez-Lee Branch","City":"Nguyenmouth","Manager_Name":"Amanda Lindsey","Total_Employees":181,"Branch_Revenue":9671362.3900000006,"Opening_Date":"2015-02-18","Performance_Rating":4}
{"Branch_ID":416,"Branch_Name":"Powell, Hamilton and Brown Branch","City":"Randallfurt","Manager_Name":"Kyle Cole","Total_Employees":130,"Branch_Revenue":9466727.3300000001,"Opening_Date":"2018-01-29","Performance_Rating":3}
{"Branch_ID":417,"Branch_Name":"Bruce-Kidd Branch","City":"Port Diane","Manager_Name":"Joshua Butler","Total_Employees":138,"Branch_Revenue":503389.43,"Opening_Date":"2024-07-09","Performance_Rating":4}
{"Branch_ID":418,"Branch_Name":"Palmer, Crawford and Wolfe Branch","City":"Alexfurt","Manager_Name":"Sylvia Armstrong","Total_Employees":86,"Branch_Revenue":9634984.8499999996,"Opening_Date":"2020-02-03","Performance_Rating":3}
{"Branch_ID":419,"Branch_Name":"Carroll-Robinson Branch","City":"Samanthabury","Manager_Name":"Susan Mullins","Total_Employees":85,"Branch_Revenue":11263824.7899999991,"Opening_Date":"2024-07-27","Performance_Rating":2}
{"Branch_ID":420,"Branch_Name":"Mason Ltd Branch","City":"Heatherland","Manager_Name":"Richard Miller","Total_Employees":118,"Branch_Revenue":4181061.5299999998,"Opening_Date":"2007-05-12","Performance_Rating":5}
{"Branch_ID":421,"Branch_Name":"Long, Chavez and Whitehead Branch","City":"Nguyenmouth","Manager_Name":"Mr. Jeff Davis Jr.","Total_Employees":112,"Branch_Revenue":15397602.0,"Opening_Date":"2005-11-18","Performance_Rating":4}
{"Branch_ID":422,"Branch_Name":"Zavala, Ferguson and Williams Branch","City":"Danielmouth","Manager_Name":"Diana Diaz","Total_Employees":47,"Branch_Revenue":17231345.3000000007,"Opening_Date":"2014-04-10","Performance_Rating":4}
{"Branch_ID":423,"Branch_Name":"Patton, Maddox and Jackson Branch","City":"Julieport","Manager_Name":"Amy Ruiz","Total_Employees":187,"Branch_Revenue":3673735.2200000002,"Opening_Date":"2014-06-27","Performance_Rating":3}
{"Branch_ID":424,"Branch_Name":"Smith-Jacobson Branch","City":"Owensborough","Manager_Name":"Christopher Alexander","Total_Employees":124,"Branch_Revenue":8621101.0,"Opening_Date":"2023-10-30","Performance_Rating":4}
{"Branch_ID":425,"Branch_Name":"Vega-Valentine Branch","City":"Onealview","Manager_Name":"Carl Ferguson","Total_Employees":32,"Branch_Revenue":2022758.1000000001,"Opening_Date":"2023-04-30","Performance_Rating":4}
{"Branch_ID":426,"Branch_Name":"Miller, Hill and Leonard Branch","City":"North Lisaland","Manager_Name":"Steven Thompson","Total_Employees":64,"Branch_Revenue":16822984.1900000013,"Opening_Date":"2017-02-06","Performance_Rating":5}
{"Branch_ID":427,"Branch_Name":"Merritt PLC Branch","City":"North Manuel","Manager_Name":"Diamond Mendez","Total_Employees":60,"Branch_Revenue":6614742.3499999996,"Opening_Date":"2008-01-12","Performance_Rating":1}
{"Branch_ID":428,"Branch_Name":"Perez-Griffin Branch","City":"Reedville","Manager_Name":"Gina Hill","Total_Employees":135,"Branch_Revenue":8384426.8099999996,"Opening_Date":"2023-05-18","Performance_Rating":2}
{"Branch_ID":429,"Branch_Name":"Mercado-Adkins Branch","City":"Pearsonhaven","Manager_Name":"Rhonda Sanchez","Total_Employees":106,"Branch_Revenue":14356213.5999999996,"Opening_Date":"2006-09-16","Performance_Rating":4}
{"Branch_ID":430,"Branch_Name":"Maldonado Ltd Branch","City":"West Ronald","Manager_Name":"Karen Huang","Total_Employees":29,"Branch_Revenue":8142701.0599999996,"Opening_Date":"2021-02-13","Performance_Rating":3}
{"Branch_ID":431,"Branch_Name":"Harrison Group Branch","City":"Gregoryborough","Manager_Name":"Christopher Griffin","Total_Employees":25,"Branch_Revenue":9908016.1799999997,"Opening_Date":"2015-07-18","Performance_Rating":4}
{"Branch_ID":432,"Branch_Name":"Pierce Inc Branch","City":"Stephanieville","Manager_Name":"Jamie Myers","Total_Employees":159,"Branch_Revenue":3312293.4900000002,"Opening_Date":"2019-01-30","Performance_Rating":2}
{"Branch_ID":433,"Branch_Name":"Porter, Osborne and Mendez Branch","City":"Kimberlychester","Manager_Name":"Melissa Crane","Total_Employees":193,"Branch_Revenue":18235340.1000000015,"Opening_Date":"2021-09-01","Performance_Rating":1}
{"Branch_ID":434,"Branch_Name":"Smith Group Branch","City":"Port Gregory","Manager_Name":"Lindsay Martinez","Total_Employees":22,"Branch_Revenue":16735674.8499999996,"Opening_Date":"2011-10-21","Performance_Rating":2}
{"Branch_ID":435,"Branch_Name":"Green, Holder and Cooke Branch","City":"Glennberg","Manager_Name":"Alexander Jackson","Total_Employees":93,"Branch_Revenue":11663935.4499999993,"Opening_Date":"2013-07-03","Performance_Rating":4}
{"Branch_ID":436,"Branch_Name":"Booth-Daniels Branch","City":"Meganborough","Manager_Name":"Christina Mcdaniel","Total_Employees":184,"Branch_Revenue":9777800.1999999993,"Opening_Date":"2007-06-15","Performance_Rating":5}
{"Branch_ID":437,"Branch_Name":"Daniel-Dunn Branch","City":"West Timothychester","Manager_Name":"Ashley Bird MD","Total_Employees":192,"Branch_Revenue":16056143.25,"Opening_Date":"2016-04-09","Performance_Rating":4}
{"Branch_ID":438,"Branch_Name":"Chapman PLC Branch","City":"New Stevefort","Manager_Name":"William Johnson","Total_Employees":87,"Branch_Revenue":18537252.120000001,"Opening_Date":"2016-11-20","Performance_Rating":5}
{"Branch_ID":439,"Branch_Name":"Bryan, Cruz and Fisher Branch","City":"Georgeshire","Manager_Name":"Michelle Meza","Total_Employees":45,"Branch_Revenue":2806328.1200000001,"Opening_Date":"2008-03-20","Performance_Rating":4}
{"Branch_ID":440,"Branch_Name":"Mckee-Moore Branch","City":"South Lisa","Manager_Name":"Adam Anderson","Total_Employees":161,"Branch_Revenue":1288018.1699999999,"Opening_Date":"2020-11-02","Performance_Rating":2}
{"Branch_ID":441,"Branch_Name":"Jenkins, Chambers and Williams Branch","City":"Staceyburgh","Manager_Name":"David Gutierrez","Total_Employees":18,"Branch_Revenue":14104400.8000000007,"Opening_Date":"2008-05-12","Performance_Rating":3}
{"Branch_ID":442,"Branch_Name":"Perez-Ali Branch","City":"South Heidiport","Manager_Name":"Deborah Ramos","Total_Employees":194,"Branch_Revenue":14800798.0399999991,"Opening_Date":"2017-06-18","Performance_Rating":4}
{"Branch_ID":443,"Branch_Name":"Wells-Gutierrez Branch","City":"West Laurieton","Manager_Name":"Miss Lindsey Mcknight DVM","Total_Employees":17,"Branch_Revenue":16047223.25,"Opening_Date":"2024-12-26","Performance_Rating":4}
{"Branch_ID":444,"Branch_Name":"Brooks-Valencia Branch","City":"West John","Manager_Name":"Shelby Evans","Total_Employees":132,"Branch_Revenue":3390617.6400000001,"Opening_Date":"2012-06-13","Performance_Rating":3}
{"Branch_ID":445,"Branch_Name":"Rodriguez LLC Branch","City":"Port Diane","Manager_Name":"Kevin Bowers","Total_Employees":180,"Branch_Revenue":16196397.2400000002,"Opening_Date":"2012-01-31","Performance_Rating":3}
{"Branch_ID":446,"Branch_Name":"Peterson-Bishop Branch","City":"East Victoriaside","Manager_Name":"Alyssa Gross","Total_Employees":62,"Branch_Revenue":13480573.7899999991,"Opening_Date":"2021-10-01","Performance_Rating":1}
{"Branch_ID":447,"Branch_Name":"Thompson, Cooper and King Branch","City":"Rodriguezberg","Manager_Name":"Joshua Ibarra","Total_Employees":81,"Branch_Revenue":18494728.25,"Opening_Date":"2011-06-25","Performance_Rating":1}
{"Branch_ID":448,"Branch_Name":"Stevens PLC Branch","City":"Woodfort","Manager_Name":"Kaitlin Pope","Total_Employees":35,"Branch_Revenue":17158058.5599999987,"Opening_Date":"2008-03-06","Performance_Rating":1}
{"Branch_ID":449,"Branch_Name":"Russell-Patel Branch","City":"West Jacquelinemouth","Manager_Name":"Ellen Fitzgerald","Total_Employees":20,"Branch_Revenue":16854347.9899999984,"Opening_Date":"2018-09-20","Performance_Rating":5}
{"Branch_ID":450,"Branch_Name":"Sanchez-Montes Branch","City":"West Sherry","Manager_Name":"James Johnson","Total_Employees":85,"Branch_Revenue":12971227.8599999994,"Opening_Date":"2024-02-02","Performance_Rating":1}
{"Branch_ID":451,"Branch_Name":"Edwards PLC Branch","City":"East Jillland","Manager_Name":"Tiffany Perry","Total_Employees":144,"Branch_Revenue":5685508.3399999999,"Opening_Date":"2006-08-15","Performance_Rating":2}
{"Branch_ID":452,"Branch_Name":"Knight Ltd Branch","City":"Chavezborough","Manager_Name":"Steven Murphy","Total_Employees":173,"Branch_Revenue":12349360.7699999996,"Opening_Date":"2012-12-15","Performance_Rating":4}
{"Branch_ID":453,"Branch_Name":"Aguirre Group Branch","City":"East Corey","Manager_Name":"Rhonda Smith","Total_Employees":127,"Branch_Revenue":4966328.0199999996,"Opening_Date":"2022-06-18","Performance_Rating":1}
{"Branch_ID":454,"Branch_Name":"Roberts PLC Branch","City":"East Kimberlyside","Manager_Name":"Erica Morrow","Total_Employees":144,"Branch_Revenue":16930461.9200000018,"Opening_Date":"2025-07-17","Performance_Rating":1}
{"Branch_ID":455,"Branch_Name":"Stanley, Brown and Torres Branch","City":"East Diana","Manager_Name":"Donald Greene","Total_Employees":79,"Branch_Revenue":17453149.2899999991,"Opening_Date":"2010-06-17","Performance_Rating":1}
{"Branch_ID":456,"Branch_Name":"Jones, Wilson and Myers Branch","City":"Alexfurt","Manager_Name":"Amanda Martin","Total_Employees":30,"Branch_Revenue":16330715.6199999992,"Opening_Date":"2020-10-18","Performance_Rating":4}
{"Branch_ID":457,"Branch_Name":"Morse, Foley and Johnson Branch","City":"Jacobmouth","Manager_Name":"Brittany Harvey","Total_Employees":164,"Branch_Revenue":7908913.4100000001,"Opening_Date":"2010-10-10","Performance_Rating":1}
{"Branch_ID":458,"Branch_Name":"Blair-Rivas Branch","City":"South Robert","Manager_Name":"Linda Montgomery","Total_Employees":33,"Branch_Revenue":1144612.6000000001,"Opening_Date":"2010-10-10","Performance_Rating":5}
{"Branch_ID":459,"Branch_Name":"Oneill-Brooks Branch","City":"West Jacquelinemouth","Manager_Name":"Jessica Jensen","Total_Employees":112,"Branch_Revenue":11448836.3300000001,"Opening_Date":"2012-03-26","Performance_Rating":1}
{"Branch_ID":460,"Branch_Name":"Peters-Valentine Branch","City":"East Jennifer","Manager_Name":"Jill Young","Total_Employees":200,"Branch_Revenue":7961387.2199999997,"Opening_Date":"2013-04-11","Performance_Rating":4}
{"Branch_ID":461,"Branch_Name":"Robertson, Moore and Howell Branch","City":"Berryberg","Manager_Name":"Melissa Johnson","Total_Employees":47,"Branch_Revenue":1106151.98,"Opening_Date":"2019-08-30","Performance_Rating":4}
{"Branch_ID":462,"Branch_Name":"Moore, Brown and Brown Branch","City":"Pagefort","Manager_Name":"James Butler","Total_Employees":23,"Branch_Revenue":1337465.97,"Opening_Date":"2021-04-27","Performance_Rating":5}
{"Branch_ID":463,"Branch_Name":"Pitts Inc Branch","City":"West Paulaville","Manager_Name":"Andrew Strickland","Total_Employees":33,"Branch_Revenue":5532857.1900000004,"Opening_Date":"2009-12-08","Performance_Rating":3}
{"Branch_ID":464,"Branch_Name":"Middleton Ltd Branch","City":"Banksside","Manager_Name":"Kelsey Garcia","Total_Employees":53,"Branch_Revenue":2511660.3199999998,"Opening_Date":"2005-11-29","Performance_Rating":4}
{"Branch_ID":465,"Branch_Name":"Hartman and Sons Branch","City":"East Monica","Manager_Name":"Robert Bryant","Total_Employees":192,"Branch_Revenue":3378767.3100000001,"Opening_Date":"2007-05-27","Performance_Rating":3}
{"Branch_ID":466,"Branch_Name":"Clark Inc Branch","City":"Victorialand","Manager_Name":"Linda Rodriguez","Total_Employees":58,"Branch_Revenue":4392179.9000000004,"Opening_Date":"2011-02-03","Performance_Rating":5}
{"Branch_ID":467,"Branch_Name":"Ramirez-Cochran Branch","City":"Margaretchester","Manager_Name":"Andrea Garrison","Total_Employees":60,"Branch_Revenue":8628841.8800000008,"Opening_Date":"2023-01-05","Performance_Rating":4}
{"Branch_ID":468,"Branch_Name":"Austin, Rogers and Ayala Branch","City":"West Donnafort","Manager_Name":"Patrick Shepard","Total_Employees":35,"Branch_Revenue":10996078.3499999996,"Opening_Date":"2017-06-29","Performance_Rating":4}
{"Branch_ID":469,"Branch_Name":"Peck LLC Branch","City":"Brettport","Manager_Name":"John Miller","Total_Employees":58,"Branch_Revenue":9719956.0700000003,"Opening_Date":"2015-02-09","Performance_Rating":1}
{"Branch_ID":470,"Branch_Name":"James-Collier Branch","City":"New Richardbury","Manager_Name":"Lisa Tanner","Total_Employees":52,"Branch_Revenue":15880340.0800000001,"Opening_Date":"2012-05-30","Performance_Rating":2}
{"Branch_ID":471,"Branch_Name":"Beck, Howe and Perry Branch","City":"New Kimberlyshire","Manager_Name":"Kevin Morrow","Total_Employees":200,"Branch_Revenue":18200433.2899999991,"Opening_Date":"2015-07-28","Performance_Rating":4}
{"Branch_ID":472,"Branch_Name":"Jarvis-Williams Branch","City":"New Michaelfurt","Manager_Name":"Gina Kirby","Total_Employees":19,"Branch_Revenue":17227929.2699999996,"Opening_Date":"2006-03-06","Performance_Rating":2}
{"Branch_ID":473,"Branch_Name":"Nelson, Hardy and Fox Branch","City":"East Rachaelstad","Manager_Name":"Ricky Brown","Total_Employees":71,"Branch_Revenue":17507717.0700000003,"Opening_Date":"2006-02-15","Performance_Rating":5}
{"Branch_ID":474,"Branch_Name":"Valencia, Hernandez and Brooks Branch","City":"West Laurieton","Manager_Name":"Stephanie Lopez","Total_Employees":99,"Branch_Revenue":6184476.25,"Opening_Date":"2020-09-09","Performance_Rating":2}
{"Branch_ID":475,"Branch_Name":"Beasley-Kirk Branch","City":"Grantville","Manager_Name":"Robert Edwards","Total_Employees":62,"Branch_Revenue":9837075.3399999999,"Opening_Date":"2008-05-15","Performance_Rating":3}
{"Branch_ID":476,"Branch_Name":"Parsons-Tucker Branch","City":"Joshuatown","Manager_Name":"Tyler Turner","Total_Employees":20,"Branch_Revenue":13858632.0899999999,"Opening_Date":"2008-11-29","Performance_Rating":5}
{"Branch_ID":477,"Branch_Name":"Sellers-Cunningham Branch","City":"North Stephanie","Manager_Name":"Ryan Beasley","Total_Employees":138,"Branch_Revenue":10085088.6999999993,"Opening_Date":"2008-07-11","Performance_Rating":4}
{"Branch_ID":478,"Branch_Name":"Martin Ltd Branch","City":"Terryside","Manager_Name":"Vicki Graves PhD","Total_Employees":83,"Branch_Revenue":18860792.0899999999,"Opening_Date":"2006-07-30","Performance_Rating":2}
{"Branch_ID":479,"Branch_Name":"Ortega, Swanson and Clark Branch","City":"Port Phillip","Manager_Name":"Emily Cole","Total_Employees":137,"Branch_Revenue":15431206.9499999993,"Opening_Date":"2012-05-12","Performance_Rating":1}
{"Branch_ID":480,"Branch_Name":"Morris Ltd Branch","City":"West Steven","Manager_Name":"Erika Cooley","Total_Employees":164,"Branch_Revenue":13054759.9000000004,"Opening_Date":"2009-02-19","Performance_Rating":4}
{"Branch_ID":481,"Branch_Name":"Smith, Mcdonald and Johnson Branch","City":"Justinborough","Manager_Name":"Kenneth Wiggins","Total_Employees":86,"Branch_Revenue":2292594.1699999999,"Opening_Date":"2015-02-07","Performance_Rating":2}
{"Branch_ID":482,"Branch_Name":"Robinson-Stokes Branch","City":"East Jamesview","Manager_Name":"Toni Hurley","Total_Employees":108,"Branch_Revenue":2257213.54,"Opening_Date":"2013-10-26","Performance_Rating":4}
{"Branch_ID":483,"Branch_Name":"Burns, Patterson and White Branch","City":"Danaburgh","Manager_Name":"Dean Schmitt","Total_Employees":188,"Branch_Revenue":15919371.5999999996,"Opening_Date":"2010-06-12","Performance_Rating":3}
{"Branch_ID":484,"Branch_Name":"Curtis-Diaz Branch","City":"Port Lindsey","Manager_Name":"Theresa Kemp","Total_Employees":30,"Branch_Revenue":7588763.3799999999,"Opening_Date":"2011-05-03","Performance_Rating":2}
{"Branch_ID":485,"Branch_Name":"Mullen-Obrien Branch","City":"Port Linda","Manager_Name":"Connie Mccarty","Total_Employees":18,"Branch_Revenue":15497553.8900000006,"Opening_Date":"2010-06-06","Performance_Rating":5}
{"Branch_ID":486,"Branch_Name":"Johnson and Sons Branch","City":"Albertchester","Manager_Name":"Brian Walker","Total_Employees":175,"Branch_Revenue":19778125.0700000003,"Opening_Date":"2011-02-07","Performance_Rating":5}
{"Branch_ID":487,"Branch_Name":"Ortiz LLC Branch","City":"Joshuatown","Manager_Name":"Travis Thomas","Total_Employees":101,"Branch_Revenue":3981513.8399999999,"Opening_Date":"2016-08-01","Performance_Rating":3}
{"Branch_ID":488,"Branch_Name":"Simmons and Sons Branch","City":"Staceyburgh","Manager_Name":"Cole Mullins","Total_Employees":194,"Branch_Revenue":15517952.9499999993,"Opening_Date":"2007-10-01","Performance_Rating":4}
{"Branch_ID":489,"Branch_Name":"Johnson-Hunter Branch","City":"Heatherland","Manager_Name":"John Foster","Total_Employees":100,"Branch_Revenue":11088192.6300000008,"Opening_Date":"2018-06-23","Performance_Rating":2}
{"Branch_ID":490,"Branch_Name":"Nguyen LLC Branch","City":"Georgeshire","Manager_Name":"Robert West","Total_Employees":136,"Branch_Revenue":982981.9300000001,"Opening_Date":"2012-06-04","Performance_Rating":1}
{"Branch_ID":491,"Branch_Name":"Vaughn Ltd Branch","City":"East Robin","Manager_Name":"Ashley Conner","Total_Employees":165,"Branch_Revenue":18458164.9899999984,"Opening_Date":"2016-01-03","Performance_Rating":5}
{"Branch_ID":492,"Branch_Name":"Johns Inc Branch","City":"Nicoleside","Manager_Name":"Paul Martin","Total_Employees":152,"Branch_Revenue":19761386.2899999991,"Opening_Date":"2012-02-13","Performance_Rating":5}
{"Branch_ID":493,"Branch_Name":"Parker, Torres and Ingram Branch","City":"Port Scotttown","Manager_Name":"Elizabeth Moreno","Total_Employees":148,"Branch_Revenue":1016364.89,"Opening_Date":"2011-03-17","Performance_Rating":2}
{"Branch_ID":494,"Branch_Name":"Salazar Group Branch","City":"East Aaronside","Manager_Name":"Lisa Johnson","Total_Employees":166,"Branch_Revenue":11505858.0899999999,"Opening_Date":"2009-03-18","Performance_Rating":4}
{"Branch_ID":495,"Branch_Name":"Lopez, Santana and Johnson Branch","City":"New Jennifertown","Manager_Name":"Noah Mills","Total_Employees":54,"Branch_Revenue":5074972.2000000002,"Opening_Date":"2010-05-12","Performance_Rating":1}
{"Branch_ID":496,"Branch_Name":"Walton, Hodges and Galloway Branch","City":"Port Natalie","Manager_Name":"Jason Wilson","Total_Employees":64,"Branch_Revenue":1407404.5600000001,"Opening_Date":"2024-07-07","Performance_Rating":2}
{"Branch_ID":497,"Branch_Name":"Mccormick-Hodges Branch","City":"Brettstad","Manager_Name":"Samantha Singleton","Total_Employees":117,"Branch_Revenue":16242873.2400000002,"Opening_Date":"2016-04-13","Performance_Rating":5}
{"Branch_ID":498,"Branch_Name":"Coffey, Curtis and Garrison Branch","City":"Terrellfort","Manager_Name":"Jasmine Morris","Total_Employees":100,"Branch_Revenue":19202554.3200000003,"Opening_Date":"2019-10-10","Performance_Rating":1}
{"Branch_ID":499,"Branch_Name":"Hutchinson Group Branch","City":"Rodriguezfort","Manager_Name":"Shannon Daniels","Total_Employees":165,"Branch_Revenue":4978839.7699999996,"Opening_Date":"2021-05-25","Performance_Rating":3}
{"Branch_ID":500,"Branch_Name":"King LLC Branch","City":"Millermouth","Manager_Name":"Mike Lam","Total_Employees":19,"Branch_Revenue":7219793.4100000001,"Opening_Date":"2024-01-31","Performance_Rating":5}
{"Branch_ID":501,"Branch_Name":"Robbins LLC Branch","City":"Port Michael","Manager_Name":"Kimberly Riley","Total_Employees":155,"Branch_Revenue":8293076.0099999998,"Opening_Date":"2019-04-13","Performance_Rating":5}
{"Branch_ID":502,"Branch_Name":"Peters PLC Branch","City":"West William","Manager_Name":"Danielle Williams","Total_Employees":189,"Branch_Revenue":17484794.2699999996,"Opening_Date":"2011-11-27","Performance_Rating":2}
{"Branch_ID":503,"Branch_Name":"Bright Group Branch","City":"Heatherport","Manager_Name":"Sara Fletcher","Total_Employees":146,"Branch_Revenue":11022916.9600000009,"Opening_Date":"2018-01-22","Performance_Rating":5}
{"Branch_ID":504,"Branch_Name":"Scott LLC Branch","City":"Lake Amandatown","Manager_Name":"Jennifer Watson","Total_Employees":119,"Branch_Revenue":15571054.0999999996,"Opening_Date":"2024-09-07","Performance_Rating":2}
{"Branch_ID":505,"Branch_Name":"Simmons-Cole Branch","City":"Micheleton","Manager_Name":"Vanessa Vazquez","Total_Employees":73,"Branch_Revenue":14000507.3100000005,"Opening_Date":"2020-11-20","Performance_Rating":5}
{"Branch_ID":506,"Branch_Name":"Nelson Ltd Branch","City":"New Robertburgh","Manager_Name":"Brian Barton","Total_Employees":28,"Branch_Revenue":16116683.2599999998,"Opening_Date":"2021-11-29","Performance_Rating":4}
{"Branch_ID":507,"Branch_Name":"Murray-Wright Branch","City":"North Daniellestad","Manager_Name":"Mr. Jason Shepherd","Total_Employees":145,"Branch_Revenue":17865908.25,"Opening_Date":"2013-07-28","Performance_Rating":3}
{"Branch_ID":508,"Branch_Name":"Ortiz, Peck and Meza Branch","City":"Onealview","Manager_Name":"Sarah Ballard","Total_Employees":153,"Branch_Revenue":11936659.0199999996,"Opening_Date":"2009-09-28","Performance_Rating":2}
{"Branch_ID":509,"Branch_Name":"Cortez-Brown Branch","City":"Nataliemouth","Manager_Name":"Eddie Jordan","Total_Employees":21,"Branch_Revenue":17557465.0,"Opening_Date":"2017-12-24","Performance_Rating":3}
{"Branch_ID":510,"Branch_Name":"Johnson-Wright Branch","City":"Herrerachester","Manager_Name":"Kathryn Fisher","Total_Employees":23,"Branch_Revenue":16236011.3100000005,"Opening_Date":"2016-03-02","Performance_Rating":3}
{"Branch_ID":511,"Branch_Name":"Steele-Phillips Branch","City":"Kimberlychester","Manager_Name":"Angela Williams","Total_Employees":139,"Branch_Revenue":8200716.0300000003,"Opening_Date":"2023-04-04","Performance_Rating":3}
{"Branch_ID":512,"Branch_Name":"James Group Branch","City":"Lake Antonioton","Manager_Name":"Daniel Tanner","Total_Employees":162,"Branch_Revenue":7352606.4400000004,"Opening_Date":"2023-02-12","Performance_Rating":3}
{"Branch_ID":513,"Branch_Name":"Frazier and Sons Branch","City":"Garrettburgh","Manager_Name":"April Scott","Total_Employees":57,"Branch_Revenue":18644762.370000001,"Opening_Date":"2021-07-08","Performance_Rating":3}
{"Branch_ID":514,"Branch_Name":"Gonzalez-Carter Branch","City":"Kaisermouth","Manager_Name":"Stephanie Dominguez","Total_Employees":165,"Branch_Revenue":4926348.2400000002,"Opening_Date":"2006-01-14","Performance_Rating":5}
{"Branch_ID":515,"Branch_Name":"Martin, Flores and Miller Branch","City":"Lake Codyport","Manager_Name":"Robert Jackson MD","Total_Employees":190,"Branch_Revenue":18783549.0500000007,"Opening_Date":"2013-06-25","Performance_Rating":3}
{"Branch_ID":516,"Branch_Name":"Lowery and Sons Branch","City":"Lake Charles","Manager_Name":"Daniel Hunt","Total_Employees":130,"Branch_Revenue":6562890.4100000001,"Opening_Date":"2007-06-22","Performance_Rating":4}
{"Branch_ID":517,"Branch_Name":"Brooks Group Branch","City":"New Christina","Manager_Name":"Rodney Browning","Total_Employees":19,"Branch_Revenue":19078758.0100000016,"Opening_Date":"2021-07-20","Performance_Rating":1}
{"Branch_ID":518,"Branch_Name":"Harris-Marshall Branch","City":"Emilymouth","Manager_Name":"Lorraine Johnson","Total_Employees":177,"Branch_Revenue":2801634.3199999998,"Opening_Date":"2011-08-18","Performance_Rating":5}
{"Branch_ID":519,"Branch_Name":"Meadows, Taylor and Butler Branch","City":"Port Michael","Manager_Name":"David Smith","Total_Employees":76,"Branch_Revenue":17653138.3099999987,"Opening_Date":"2006-05-21","Performance_Rating":4}
{"Branch_ID":520,"Branch_Name":"Beltran-Nelson Branch","City":"Juliabury","Manager_Name":"Richard Singleton","Total_Employees":171,"Branch_Revenue":19520645.3299999982,"Opening_Date":"2010-09-13","Performance_Rating":1}
